Retrieved 1 abstracts, starting with number 1.  Total number selected: 1.

@ARTICLE{bakos2010,
   author = {{Bakos}, G.~{\'A}. and {Torres}, G. and {P{\'a}l}, A. and {Hartman}, J. and 
	{Kov{\'a}cs}, G. and {Noyes}, R.~W. and {Latham}, D.~W. and 
	{Sasselov}, D.~D. and {Sip{\H o}cz}, B. and {Esquerdo}, G.~A. and 
	{Fischer}, D.~A. and {Johnson}, J.~A. and {Marcy}, G.~W. and 
	{Butler}, R.~P. and {Isaacson}, H. and {Howard}, A. and {Vogt}, S. and 
	{Kov{\'a}cs}, G. and {Fernandez}, J. and {Mo{\'o}r}, A. and 
	{Stefanik}, R.~P. and {L{\'a}z{\'a}r}, J. and {Papp}, I. and 
	{S{\'a}ri}, P.},
    title = "{HAT-P-11b: A Super-Neptune Planet Transiting a Bright K Star in the Kepler Field}",
  journal = {\apj},
archivePrefix = "arXiv",
   eprint = {0901.0282},
 primaryClass = "astro-ph.EP",
 keywords = {planetary systems, stars: individual: HAT-P-11 GSC 03561-02092, techniques: photometric, techniques: spectroscopic},
     year = 2010,
    month = feb,
   volume = 710,
    pages = {1724-1745},
      doi = {10.1088/0004-637X/710/2/1724},
   adsurl = {http://adsabs.harvard.edu/abs/2010ApJ...710.1724B},
  adsnote = {Provided by the SAO/NASA Astrophysics Data System}
}

@ARTICLE{Christensen-Dalsgaard2010,
   author = {{Christensen-Dalsgaard}, J. and {Kjeldsen}, H. and {Brown}, T.~M. and 
	{Gilliland}, R.~L. and {Arentoft}, T. and {Frandsen}, S. and 
	{Quirion}, P.-O. and {Borucki}, W.~J. and {Koch}, D. and {Jenkins}, J.~M.
	},
    title = "{Asteroseismic Investigation of Known Planet Hosts in the Kepler Field}",
  journal = {\apjl},
archivePrefix = "arXiv",
   eprint = {1001.0032},
 primaryClass = "astro-ph.SR",
 keywords = {planetary systems, stars: fundamental parameters, stars: oscillations},
     year = 2010,
    month = apr,
   volume = 713,
    pages = {L164-L168},
      doi = {10.1088/2041-8205/713/2/L164},
   adsurl = {http://adsabs.harvard.edu/abs/2010ApJ...713L.164C},
  adsnote = {Provided by the SAO/NASA Astrophysics Data System}
}

@ARTICLE{Cowan2008,
   author = {{Cowan}, N.~B. and {Agol}, E.},
    title = "{Inverting Phase Functions to Map Exoplanets}",
  journal = {\apjl},
archivePrefix = "arXiv",
   eprint = {0803.3622},
 keywords = {methods: data analysis, planetary systems },
     year = 2008,
    month = may,
   volume = 678,
      eid = {L129},
    pages = {L129},
      doi = {10.1086/588553},
   adsurl = {http://adsabs.harvard.edu/abs/2008ApJ...678L.129C},
  adsnote = {Provided by the SAO/NASA Astrophysics Data System}
}


@ARTICLE{Winn2010,
   author = {{Winn}, J.~N. and {Johnson}, J.~A. and {Howard}, A.~W. and {Marcy}, G.~W. and 
	{Isaacson}, H. and {Shporer}, A. and {Bakos}, G.~{\'A}. and 
	{Hartman}, J.~D. and {Albrecht}, S.},
    title = "{The Oblique Orbit of the Super-Neptune HAT-P-11b}",
  journal = {\apjl},
archivePrefix = "arXiv",
   eprint = {1009.5671},
 primaryClass = "astro-ph.EP",
 keywords = {planetary systems, planets and satellites: formation, planet-star interactions, stars: rotation},
     year = 2010,
    month = nov,
   volume = 723,
    pages = {L223-L227},
      doi = {10.1088/2041-8205/723/2/L223},
   adsurl = {http://adsabs.harvard.edu/abs/2010ApJ...723L.223W},
  adsnote = {Provided by the SAO/NASA Astrophysics Data System}
}

@ARTICLE{Deming2011,
   author = {{Deming}, D. and {Sada}, P.~V. and {Jackson}, B. and {Peterson}, S.~W. and 
	{Agol}, E. and {Knutson}, H.~A. and {Jennings}, D.~E. and {Haase}, F. and 
	{Bays}, K.},
    title = "{Kepler and Ground-based Transits of the Exo-Neptune HAT-P-11b}",
  journal = {\apj},
archivePrefix = "arXiv",
   eprint = {1107.2977},
 primaryClass = "astro-ph.EP",
 keywords = {planetary systems, planets and satellites: general, stars: activity, starspots},
     year = 2011,
    month = oct,
   volume = 740,
      eid = {33},
    pages = {33},
      doi = {10.1088/0004-637X/740/1/33},
   adsurl = {http://adsabs.harvard.edu/abs/2011ApJ...740...33D},
  adsnote = {Provided by the SAO/NASA Astrophysics Data System}
}

@ARTICLE{Hirano2011,
   author = {{Hirano}, T. and {Narita}, N. and {Shporer}, A. and {Sato}, B. and 
	{Aoki}, W. and {Tamura}, M.},
    title = "{A Possible Tilted Orbit of the Super-Neptune HAT-P-11b}",
  journal = {\pasj},
archivePrefix = "arXiv",
   eprint = {1009.5677},
 primaryClass = "astro-ph.EP",
 keywords = {stars: planetary systems: individual (HAT-P-11), stars: rotation, techniques: photometric, techniques: radial velocities, techniques: spectroscopic},
     year = 2011,
    month = mar,
   volume = 63,
    pages = {531-},
      doi = {10.1093/pasj/63.sp2.S531},
   adsurl = {http://adsabs.harvard.edu/abs/2011PASJ...63S.531H},
  adsnote = {Provided by the SAO/NASA Astrophysics Data System}
}


@ARTICLE{Sanchis-Ojeda2011,
   author = {{Sanchis-Ojeda}, R. and {Winn}, J.~N.},
    title = "{Starspots, Spin-Orbit Misalignment, and Active Latitudes in the HAT-P-11 Exoplanetary System}",
  journal = {\apj},
archivePrefix = "arXiv",
   eprint = {1107.2920},
 primaryClass = "astro-ph.EP",
 keywords = {planetary systems, stars: activity, stars: individual: HAT-P-11, stars: rotation, starspots},
     year = 2011,
    month = dec,
   volume = 743,
      eid = {61},
    pages = {61},
      doi = {10.1088/0004-637X/743/1/61},
   adsurl = {http://adsabs.harvard.edu/abs/2011ApJ...743...61S},
  adsnote = {Provided by the SAO/NASA Astrophysics Data System}
}


@ARTICLE{Southworth2011,
   author = {{Southworth}, J.},
    title = "{Homogeneous studies of transiting extrasolar planets - IV. Thirty systems with space-based light curves}",
  journal = {\mnras},
archivePrefix = "arXiv",
   eprint = {1107.1235},
 primaryClass = "astro-ph.EP",
 keywords = {binaries: eclipsing, binaries: spectroscopic, stars: fundamental parameters, planetary systems},
     year = 2011,
    month = nov,
   volume = 417,
    pages = {2166-2196},
      doi = {10.1111/j.1365-2966.2011.19399.x},
   adsurl = {http://adsabs.harvard.edu/abs/2011MNRAS.417.2166S},
  adsnote = {Provided by the SAO/NASA Astrophysics Data System}
}


@ARTICLE{Beky2014a,
   author = {{B{\'e}ky}, B. and {Holman}, M.~J. and {Kipping}, D.~M. and 
	{Noyes}, R.~W.},
    title = "{Stellar Rotation-Planetary Orbit Period Commensurability in the HAT-P-11 System}",
  journal = {\apj},
archivePrefix = "arXiv",
   eprint = {1403.7526},
 primaryClass = "astro-ph.SR",
 keywords = {stars: activity, stars: individual: HAT-P-11 Kepler-17, stars: rotation},
     year = 2014,
    month = jun,
   volume = 788,
      eid = {1},
    pages = {1},
      doi = {10.1088/0004-637X/788/1/1},
   adsurl = {http://adsabs.harvard.edu/abs/2014ApJ...788....1B},
  adsnote = {Provided by the SAO/NASA Astrophysics Data System}
}


@ARTICLE{Beky2014b,
   author = {{B{\'e}ky}, B. and {Kipping}, D.~M. and {Holman}, M.~J.},
    title = "{SPOTROD: a semi-analytic model for transits of spotted stars}",
  journal = {\mnras},
archivePrefix = "arXiv",
   eprint = {1407.4465},
 primaryClass = "astro-ph.EP",
 keywords = {techniques: photometric, stars: individual: HAT-P-11- starspots},
     year = 2014,
    month = aug,
   volume = 442,
    pages = {3686-3699},
      doi = {10.1093/mnras/stu1061},
   adsurl = {http://adsabs.harvard.edu/abs/2014MNRAS.442.3686B},
  adsnote = {Provided by the SAO/NASA Astrophysics Data System}
}



@ARTICLE{Fraine2014,
   author = {{Fraine}, J. and {Deming}, D. and {Benneke}, B. and {Knutson}, H. and 
	{Jord{\'a}n}, A. and {Espinoza}, N. and {Madhusudhan}, N. and 
	{Wilkins}, A. and {Todorov}, K.},
    title = "{Water vapour absorption in the clear atmosphere of a Neptune-sized exoplanet}",
  journal = {\nat},
archivePrefix = "arXiv",
   eprint = {1409.8349},
 primaryClass = "astro-ph.EP",
     year = 2014,
    month = sep,
   volume = 513,
    pages = {526-529},
      doi = {10.1038/nature13785},
   adsurl = {http://adsabs.harvard.edu/abs/2014Natur.513..526F},
  adsnote = {Provided by the SAO/NASA Astrophysics Data System}
}



@ARTICLE{Maxted2014,
   author = {{Maxted}, P.~F.~L. and {Serenelli}, A.~M. and {Southworth}, J.
	},
    title = "{Comparison of gyrochronological and isochronal age estimates for transiting exoplanet host stars}",
  journal = {\aap},
archivePrefix = "arXiv",
   eprint = {1503.09111},
 primaryClass = "astro-ph.EP",
 keywords = {stars: solar-type, planet-star interactions},
     year = 2015,
    month = may,
   volume = 577,
      eid = {A90},
    pages = {A90},
      doi = {10.1051/0004-6361/201525774},
   adsurl = {http://adsabs.harvard.edu/abs/2015A%26A...577A..90M},
  adsnote = {Provided by the SAO/NASA Astrophysics Data System}
}

@ARTICLE{Goodman2010,
   author = {{Goodman}, J. and {Weare}, J.
	},
    title = "{Ensemble samplers with affine invariance}",
  journal = {Communications in Applied Mathematics and Computational Science},
     year = 2010,
    month = nov,
   volume = 5,
    pages = {65-80},
      doi = {10.2140/camcos.2010.5.65},
}


@misc{gatspy,
  author       = {Jake Vanderplas},
  title        = {{gatspy: General tools for Astronomical Time Series 
                   in Python}},
  month        = feb,
  year         = 2015,
  doi          = {10.5281/zenodo.14833},
  url          = {http://dx.doi.org/10.5281/zenodo.14833}
}

@ARTICLE{Kipping2013,
   author = {{Kipping}, D.~M.},
    title = "{Efficient, uninformative sampling of limb darkening coefficients for two-parameter laws}",
  journal = {\mnras},
archivePrefix = "arXiv",
   eprint = {1308.0009},
 primaryClass = "astro-ph.SR",
 keywords = {methods: analytical, stars: atmospheres},
     year = 2013,
    month = nov,
   volume = 435,
    pages = {2152-2160},
      doi = {10.1093/mnras/stt1435},
   adsurl = {http://adsabs.harvard.edu/abs/2013MNRAS.435.2152K},
  adsnote = {Provided by the SAO/NASA Astrophysics Data System}
}


@ARTICLE{Carter2011,
   author = {{Carter}, J.~A. and {Winn}, J.~N. and {Holman}, M.~J. and {Fabrycky}, D. and 
	{Berta}, Z.~K. and {Burke}, C.~J. and {Nutzman}, P.},
    title = "{The Transit Light Curve Project. XIII. Sixteen Transits of the Super-Earth GJ 1214b}",
  journal = {\apj},
archivePrefix = "arXiv",
   eprint = {1012.0376},
 primaryClass = "astro-ph.EP",
 keywords = {planetary systems, planets and satellites: individual: GJ 1214b GJ 1214, techniques: photometric},
     year = 2011,
    month = apr,
   volume = 730,
      eid = {82},
    pages = {82},
      doi = {10.1088/0004-637X/730/2/82},
   adsurl = {http://adsabs.harvard.edu/abs/2011ApJ...730...82C},
  adsnote = {Provided by the SAO/NASA Astrophysics Data System}
}


@ARTICLE{Czesla2009,
   author = {{Czesla}, S. and {Huber}, K.~F. and {Wolter}, U. and {Schr{\"o}ter}, S. and 
	{Schmitt}, J.~H.~M.~M.},
    title = "{How stellar activity affects the size estimates of extrasolar planets}",
  journal = {\aap},
archivePrefix = "arXiv",
   eprint = {0906.3604},
 primaryClass = "astro-ph.SR",
 keywords = {techniques: photometric, stars: activity, starspots, stars: individual: CoRoT-2a, planetary systems},
     year = 2009,
    month = oct,
   volume = 505,
    pages = {1277-1282},
      doi = {10.1051/0004-6361/200912454},
   adsurl = {http://adsabs.harvard.edu/abs/2009A%26A...505.1277C},
  adsnote = {Provided by the SAO/NASA Astrophysics Data System}
}

@ARTICLE{Kreidberg2015,
   author = {{Kreidberg}, L.},
    title = "{BATMAN: BAsic Transit Model cAlculatioN in Python}",
  journal = {\pasp},
archivePrefix = "arXiv",
   eprint = {1507.08285},
 primaryClass = "astro-ph.EP",
     year = 2015,
    month = dec,
   volume = 127,
    pages = {1161-1165},
      doi = {10.1086/683602},
   adsurl = {http://adsabs.harvard.edu/abs/2015PASP..127.1161K},
  adsnote = {Provided by the SAO/NASA Astrophysics Data System}
}


@ARTICLE{Mandel2002,
   author = {{Mandel}, K. and {Agol}, E.},
    title = "{Analytic Light Curves for Planetary Transit Searches}",
  journal = {\apjl},
   eprint = {astro-ph/0210099},
 keywords = {Stars: Binaries: Eclipsing, Eclipses, Occultations, Stars: Planetary Systems},
     year = 2002,
    month = dec,
   volume = 580,
    pages = {L171-L175},
      doi = {10.1086/345520},
   adsurl = {http://adsabs.harvard.edu/abs/2002ApJ...580L.171M},
  adsnote = {Provided by the SAO/NASA Astrophysics Data System}
}


@ARTICLE{Foreman-Mackey2013,
   author = {{Foreman-Mackey}, D. and {Hogg}, D.~W. and {Lang}, D. and {Goodman}, J.
	},
    title = "{emcee: The MCMC Hammer}",
  journal = {\pasp},
archivePrefix = "arXiv",
   eprint = {1202.3665},
 primaryClass = "astro-ph.IM",
 keywords = {Data Analysis and Techniques},
     year = 2013,
    month = mar,
   volume = 125,
    pages = {306-312},
      doi = {10.1086/670067},
   adsurl = {http://adsabs.harvard.edu/abs/2013PASP..125..306F},
  adsnote = {Provided by the SAO/NASA Astrophysics Data System}
}

@ARTICLE{Aigrain2015,
   author = {{Aigrain}, S. and {Llama}, J. and {Ceillier}, T. and {Chagas}, M.~L.~d. and 
	{Davenport}, J.~R.~A. and {Garc{\'{\i}}a}, R.~A. and {Hay}, K.~L. and 
	{Lanza}, A.~F. and {McQuillan}, A. and {Mazeh}, T. and {de Medeiros}, J.~R. and 
	{Nielsen}, M.~B. and {Reinhold}, T.},
    title = "{Testing the recovery of stellar rotation signals from Kepler light curves using a blind hare-and-hounds exercise}",
  journal = {\mnras},
archivePrefix = "arXiv",
   eprint = {1504.04029},
 primaryClass = "astro-ph.SR",
 keywords = {methods: data analysis, techniques: photometric, surveys, stars: rotation, starspots},
     year = 2015,
    month = jul,
   volume = 450,
    pages = {3211-3226},
      doi = {10.1093/mnras/stv853},
   adsurl = {http://adsabs.harvard.edu/abs/2015MNRAS.450.3211A},
  adsnote = {Provided by the SAO/NASA Astrophysics Data System}
}

@ARTICLE{Davenport2015,
   author = {{Davenport}, J.~R.~A. and {Hebb}, L. and {Hawley}, S.~L.},
    title = "{Detecting Differential Rotation and Starspot Evolution on the M Dwarf GJ 1243 with Kepler}",
  journal = {\apj},
archivePrefix = "arXiv",
   eprint = {1505.01524},
 primaryClass = "astro-ph.SR",
 keywords = {starspots, stars: activity, stars: low-mass},
     year = 2015,
    month = jun,
   volume = 806,
      eid = {212},
    pages = {212},
      doi = {10.1088/0004-637X/806/2/212},
   adsurl = {http://adsabs.harvard.edu/abs/2015ApJ...806..212D},
  adsnote = {Provided by the SAO/NASA Astrophysics Data System}
}


@ARTICLE{Huber2010,
   author = {{Huber}, K.~F. and {Czesla}, S. and {Wolter}, U. and {Schmitt}, J.~H.~M.~M.
	},
    title = "{Planetary eclipse mapping of CoRoT-2a. Evolution, differential rotation, and spot migration}",
  journal = {\aap},
archivePrefix = "arXiv",
   eprint = {1002.4113},
 primaryClass = "astro-ph.SR",
 keywords = {planetary systems, techniques: photometric, stars: activity, starspots, stars: individual: CoRoT-2a},
     year = 2010,
    month = may,
   volume = 514,
      eid = {A39},
    pages = {A39},
      doi = {10.1051/0004-6361/200913914},
   adsurl = {http://adsabs.harvard.edu/abs/2010A%26A...514A..39H},
  adsnote = {Provided by the SAO/NASA Astrophysics Data System}
}


@ARTICLE{Csizmadia2013,
   author = {{Csizmadia}, S. and {Pasternacki}, T. and {Dreyer}, C. and {Cabrera}, J. and 
	{Erikson}, A. and {Rauer}, H.},
    title = "{The effect of stellar limb darkening values on the accuracy of the planet radii derived from photometric transit observations}",
  journal = {\aap},
archivePrefix = "arXiv",
   eprint = {1212.2372},
 primaryClass = "astro-ph.EP",
 keywords = {techniques: photometric, planetary systems},
     year = 2013,
    month = jan,
   volume = 549,
      eid = {A9},
    pages = {A9},
      doi = {10.1051/0004-6361/201219888},
   adsurl = {http://adsabs.harvard.edu/abs/2013A%26A...549A...9C},
  adsnote = {Provided by the SAO/NASA Astrophysics Data System}
}

@ARTICLE{Schuessler1996,
   author = {{Schuessler}, M. and {Caligari}, P. and {Ferriz-Mas}, A. and 
	{Solanki}, S.~K. and {Stix}, M.},
    title = "{Distribution of starspots on cool stars. I. Young and main sequence stars of 1M$_{sun}$\_.}",
  journal = {\aap},
 keywords = {STARS: MAGNETIC FIELDS, STARS: ACTIVITY, MHD},
     year = 1996,
    month = oct,
   volume = 314,
    pages = {503-512},
   adsurl = {http://adsabs.harvard.edu/abs/1996A%26A...314..503S},
  adsnote = {Provided by the SAO/NASA Astrophysics Data System}
}

@ARTICLE{Granzer2000,
   author = {{Granzer}, T. and {Sch{\"u}ssler}, M. and {Caligari}, P. and 
	{Strassmeier}, K.~G.},
    title = "{Distribution of starspots on cool stars. II. Pre-main-sequence and ZAMS stars between 0.4 M$_{sun}$ and 1.7 M$_{sun}$}",
  journal = {\aap},
 keywords = {MAGNETOHYDRODYNAMICS (MHD), STARS: ROTATION, STARS: PRE-MAIN SEQUENCE, STARS: MAGNETIC FIELDS, STARS: ACTIVITY},
     year = 2000,
    month = mar,
   volume = 355,
    pages = {1087-1097},
   adsurl = {http://adsabs.harvard.edu/abs/2000A%26A...355.1087G},
  adsnote = {Provided by the SAO/NASA Astrophysics Data System}
}


@ARTICLE{Eker2003,
   author = {{Eker}, Z. and {Brandt}, P.~N. and {Hanslmeier}, A. and {Otruba}, W. and 
	{Wehrli}, C.},
    title = "{Deriving effective sunspot temperatures from SOHO/VIRGO irradiance measurements.  A starspot modelling approach}",
  journal = {\aap},
 keywords = {Sun: sunspots, Sun: activity, Sun: photosphere, stars: starspots, Sun: UV radiation},
     year = 2003,
    month = jun,
   volume = 404,
    pages = {1107-1115},
      doi = {10.1051/0004-6361:20030573},
   adsurl = {http://adsabs.harvard.edu/abs/2003A%26A...404.1107E},
  adsnote = {Provided by the SAO/NASA Astrophysics Data System}
}


@ARTICLE{Leonard2008,
   author = {{Leonard}, T. and {Choudhary}, D.~P.},
    title = "{Intensity and Magnetic Field Distribution of Sunspots}",
  journal = {\solphys},
 keywords = {Sun: magnetic field, Sun: sunspot, Sun: brightness},
     year = 2008,
    month = oct,
   volume = 252,
    pages = {33-41},
      doi = {10.1007/s11207-008-9256-y},
   adsurl = {http://adsabs.harvard.edu/abs/2008SoPh..252...33L},
  adsnote = {Provided by the SAO/NASA Astrophysics Data System}
}



@ARTICLE{Keppens1996,
   author = {{Keppens}, R. and {Martinez Pillet}, V.},
    title = "{The magnetic structure of pores and sunspots derived from Advanced Stokes Polarimeter data.}",
  journal = {\aap},
 keywords = {POLARIZATION, SUN: MAGNETIC FIELDS, SUN: SUNSPOTS},
     year = 1996,
    month = dec,
   volume = 316,
    pages = {229-242},
   adsurl = {http://adsabs.harvard.edu/abs/1996A%26A...316..229K},
  adsnote = {Provided by the SAO/NASA Astrophysics Data System}
}


@ARTICLE{Roettenbacher2013,
   author = {{Roettenbacher}, R.~M. and {Monnier}, J.~D. and {Harmon}, R.~O. and 
	{Barclay}, T. and {Still}, M.},
    title = "{Imaging Starspot Evolution on Kepler Target KIC 5110407 Using Light-Curve Inversion}",
  journal = {\apj},
archivePrefix = "arXiv",
   eprint = {1302.6268},
 primaryClass = "astro-ph.SR",
 keywords = {stars: activity, stars: imaging, stars: variables: general},
     year = 2013,
    month = apr,
   volume = 767,
      eid = {60},
    pages = {60},
      doi = {10.1088/0004-637X/767/1/60},
   adsurl = {http://adsabs.harvard.edu/abs/2013ApJ...767...60R},
  adsnote = {Provided by the SAO/NASA Astrophysics Data System}
}

@ARTICLE{Frasca2011,
   author = {{Frasca}, A. and {Fr{\"o}hlich}, H.-E. and {Bonanno}, A. and 
	{Catanzaro}, G. and {Biazzo}, K. and {Molenda-{\.Z}akowicz}, J.
	},
    title = "{Magnetic activity and differential rotation in the very young star KIC 8429280}",
  journal = {\aap},
archivePrefix = "arXiv",
   eprint = {1106.4928},
 primaryClass = "astro-ph.SR",
 keywords = {stars: activity, starspots, stars: rotation, stars: chromospheres, stars: individual: KIC 8429280, X-rays: stars},
     year = 2011,
    month = aug,
   volume = 532,
      eid = {A81},
    pages = {A81},
      doi = {10.1051/0004-6361/201116980},
   adsurl = {http://adsabs.harvard.edu/abs/2011A%26A...532A..81F},
  adsnote = {Provided by the SAO/NASA Astrophysics Data System}
}


@ARTICLE{Ohta2005,
   author = {{Ohta}, Y. and {Taruya}, A. and {Suto}, Y.},
    title = "{The Rossiter-McLaughlin Effect and Analytic Radial Velocity Curves for Transiting Extrasolar Planetary Systems}",
  journal = {\apj},
   eprint = {astro-ph/0410499},
 keywords = {Stars: Planetary Systems, Stars: Individual: Henry Draper Number: HD 209458, Techniques: Spectroscopic},
     year = 2005,
    month = apr,
   volume = 622,
    pages = {1118-1135},
      doi = {10.1086/428344},
   adsurl = {http://adsabs.harvard.edu/abs/2005ApJ...622.1118O},
  adsnote = {Provided by the SAO/NASA Astrophysics Data System}
}


@ARTICLE{Winn2005,
   author = {{Winn}, J.~N. and {Noyes}, R.~W. and {Holman}, M.~J. and {Charbonneau}, D. and 
	{Ohta}, Y. and {Taruya}, A. and {Suto}, Y. and {Narita}, N. and 
	{Turner}, E.~L. and {Johnson}, J.~A. and {Marcy}, G.~W. and 
	{Butler}, R.~P. and {Vogt}, S.~S.},
    title = "{Measurement of Spin-Orbit Alignment in an Extrasolar Planetary System}",
  journal = {\apj},
   eprint = {astro-ph/0504555},
 keywords = {Stars: Planetary Systems, Stars: Planetary Systems: Formation, Stars: Individual: Henry Draper Number: HD 209458, Stars: Rotation},
     year = 2005,
    month = oct,
   volume = 631,
    pages = {1215-1226},
      doi = {10.1086/432571},
   adsurl = {http://adsabs.harvard.edu/abs/2005ApJ...631.1215W},
  adsnote = {Provided by the SAO/NASA Astrophysics Data System}
}

@ARTICLE{Fabrycky2009,
   author = {{Fabrycky}, D.~C. and {Winn}, J.~N.},
    title = "{Exoplanetary Spin-Orbit Alignment: Results from the Ensemble of Rossiter-McLaughlin Observations}",
  journal = {\apj},
archivePrefix = "arXiv",
   eprint = {0902.0737},
 primaryClass = "astro-ph.EP",
 keywords = {celestial mechanics, methods: statistical, planetary systems, stars: rotation},
     year = 2009,
    month = may,
   volume = 696,
    pages = {1230-1240},
      doi = {10.1088/0004-637X/696/2/1230},
   adsurl = {http://adsabs.harvard.edu/abs/2009ApJ...696.1230F},
  adsnote = {Provided by the SAO/NASA Astrophysics Data System}
}


@ARTICLE{Howard1984,
   author = {{Howard}, R. and {Gilman}, P.~I. and {Gilman}, P.~A.},
    title = "{Rotation of the sun measured from Mount Wilson white-light images}",
  journal = {\apj},
 keywords = {Astronomical Photography, Solar Rotation, Sunspots, Angular Velocity, Annual Variations, Data Reduction},
     year = 1984,
    month = aug,
   volume = 283,
    pages = {373-384},
      doi = {10.1086/162315},
   adsurl = {http://adsabs.harvard.edu/abs/1984ApJ...283..373H},
  adsnote = {Provided by the SAO/NASA Astrophysics Data System}
}


@ARTICLE{Li2002,
   author = {{Li}, K.-J. and {Liu}, X.-H. and {Yun}, H.-S. and {Xiong}, S.-Y. and 
	{Liang}, H.-F. and {Zhao}, H.-Z. and {Zhan}, L.-S. and {Gu}, X.-M.
	},
    title = "{Asymmetrical Distribution of Sunspot Groups in the Solar Hemispheres}",
  journal = {\pasj},
 keywords = {activity, Sun : general, Sun : sunspots},
     year = 2002,
    month = aug,
   volume = 54,
    pages = {629-633},
      doi = {10.1093/pasj/54.4.629},
   adsurl = {http://adsabs.harvard.edu/abs/2002PASJ...54..629L},
  adsnote = {Provided by the SAO/NASA Astrophysics Data System}
}

@ARTICLE{Carbonell1993,
   author = {{Carbonell}, M. and {Oliver}, R. and {Ballester}, J.~L.},
    title = "{On the asymmetry of solar activity}",
  journal = {\aap},
     year = 1993,
    month = jul,
   volume = 274,
    pages = {497},
   adsurl = {http://adsabs.harvard.edu/abs/1993A%26A...274..497C},
  adsnote = {Provided by the SAO/NASA Astrophysics Data System}
}

@ARTICLE{Newton1955,
   author = {{Newton}, H.~W. and {Milsom}, A.~S.},
    title = "{Note on the observed differences in spottedness of the Sun's northern and southern hemispheres}",
  journal = {\mnras},
     year = 1955,
   volume = 115,
    pages = {398},
      doi = {10.1093/mnras/115.4.398},
   adsurl = {http://adsabs.harvard.edu/abs/1955MNRAS.115..398N},
  adsnote = {Provided by the SAO/NASA Astrophysics Data System}
}


@ARTICLE{Vizoso1990,
   author = {{Vizoso}, G. and {Ballester}, J.~L.},
    title = "{The north-south asymmetry of sunspots}",
  journal = {\aap},
 keywords = {Magnetic Dipoles, Solar Activity Effects, Solar Cycles, Solar Flares, Sunspot Cycle, Asymmetry, Northern Hemisphere, Solar Magnetic Field, Solar Prominences},
     year = 1990,
    month = mar,
   volume = 229,
    pages = {540-546},
   adsurl = {http://adsabs.harvard.edu/abs/1990A%26A...229..540V},
  adsnote = {Provided by the SAO/NASA Astrophysics Data System}
}


@ARTICLE{Hathaway2015,
   author = {{Hathaway}, D.~H.},
    title = "{The Solar Cycle}",
  journal = {Living Reviews in Solar Physics},
archivePrefix = "arXiv",
   eprint = {1502.07020},
 primaryClass = "astro-ph.SR",
 keywords = {Sunspots, Solar cycle, Solar cycle prediction, Solar activity  },
     year = 2015,
    month = sep,
   volume = 12,
      doi = {10.1007/lrsp-2015-4},
   adsurl = {http://adsabs.harvard.edu/abs/2015LRSP...12....4H},
  adsnote = {Provided by the SAO/NASA Astrophysics Data System}
}

@ARTICLE{Hathaway2011,
   author = {{Hathaway}, D.~H.},
    title = "{A Standard Law for the Equatorward Drift of the Sunspot Zones}",
  journal = {\solphys},
archivePrefix = "arXiv",
   eprint = {1108.1722},
 primaryClass = "astro-ph.SR",
 keywords = {Solar cycle, observations, Sunspots, statistics, Sunspots, velocity},
     year = 2011,
    month = oct,
   volume = 273,
    pages = {221-230},
      doi = {10.1007/s11207-011-9837-z},
   adsurl = {http://adsabs.harvard.edu/abs/2011SoPh..273..221H},
  adsnote = {Provided by the SAO/NASA Astrophysics Data System}
}


@ARTICLE{Solanki2003,
   author = {{Solanki}, S.~K.},
    title = "{Sunspots: An overview}",
  journal = {\aapr},
 keywords = {Sunspots, Sun: magnetic field, Sun: active regions, Sun: activity},
     year = 2003,
   volume = 11,
    pages = {153-286},
      doi = {10.1007/s00159-003-0018-4},
   adsurl = {http://adsabs.harvard.edu/abs/2003A%26ARv..11..153S},
  adsnote = {Provided by the SAO/NASA Astrophysics Data System}
}

@ARTICLE{Vaughan1978,
   author = {{Vaughan}, A.~H. and {Preston}, G.~W. and {Wilson}, O.~C.},
    title = "{Flux measurements of CA II H and K emission}",
  journal = {\pasp},
 keywords = {Chromosphere, Emission Spectra, H Lines, K Lines, Stellar Spectrophotometry, Absorption Spectra, Spectrophotometers, Statistical Analysis},
     year = 1978,
    month = jun,
   volume = 90,
    pages = {267-274},
      doi = {10.1086/130324},
   adsurl = {http://adsabs.harvard.edu/abs/1978PASP...90..267V},
  adsnote = {Provided by the SAO/NASA Astrophysics Data System}
}

@ARTICLE{Alvarado-Gomez2015,
   author = {{Alvarado-G{\'o}mez}, J.~D. and {Hussain}, G.~A.~J. and {Grunhut}, J. and 
	{Fares}, R. and {Donati}, J.-F. and {Alecian}, E. and {Kochukhov}, O. and 
	{Oksala}, M. and {Morin}, J. and {Redfield}, S. and {Cohen}, O. and 
	{Drake}, J.~J. and {Jardine}, M. and {Matt}, S. and {Petit}, P. and 
	{Walter}, F.~M.},
    title = "{Activity and magnetic field structure of the Sun-like planet-hosting star HD 1237}",
  journal = {\aap},
archivePrefix = "arXiv",
   eprint = {1507.04117},
 primaryClass = "astro-ph.SR",
 keywords = {stars: activity, stars: magnetic field, stars: solar-type, stars: individual: HD 1237},
     year = 2015,
    month = oct,
   volume = 582,
      eid = {A38},
    pages = {A38},
      doi = {10.1051/0004-6361/201525771},
   adsurl = {http://adsabs.harvard.edu/abs/2015A%26A...582A..38A},
  adsnote = {Provided by the SAO/NASA Astrophysics Data System}
}

@ARTICLE{Duncan1991,
   author = {{Duncan}, D.~K. and {Vaughan}, A.~H. and {Wilson}, O.~C. and 
	{Preston}, G.~W. and {Frazer}, J. and {Lanning}, H. and {Misch}, A. and 
	{Mueller}, J. and {Soyumer}, D. and {Woodard}, L. and {Baliunas}, S.~L. and 
	{Noyes}, R.~W. and {Hartmann}, L.~W. and {Porter}, A. and {Zwaan}, C. and 
	{Middelkoop}, F. and {Rutten}, R.~G.~M. and {Mihalas}, D.},
    title = "{CA II H and K measurements made at Mount Wilson Observatory, 1966-1983}",
  journal = {\apjs},
 keywords = {Stellar Activity, Stellar Composition, Stellar Spectrophotometry, Calcium, Continuous Spectra, Hydrogen, Potassium, Stellar Spectra},
     year = 1991,
    month = may,
   volume = 76,
    pages = {383-430},
      doi = {10.1086/191572},
   adsurl = {http://adsabs.harvard.edu/abs/1991ApJS...76..383D},
  adsnote = {Provided by the SAO/NASA Astrophysics Data System}
}

@ARTICLE{Isaacson2010,
   author = {{Isaacson}, H. and {Fischer}, D.},
    title = "{Chromospheric Activity and Jitter Measurements for 2630 Stars on the California Planet Search}",
  journal = {\apj},
archivePrefix = "arXiv",
   eprint = {1009.2301},
 primaryClass = "astro-ph.EP",
 keywords = {stars: activity, stars: chromospheres, stars: fundamental parameters},
     year = 2010,
    month = dec,
   volume = 725,
    pages = {875-885},
      doi = {10.1088/0004-637X/725/1/875},
   adsurl = {http://adsabs.harvard.edu/abs/2010ApJ...725..875I},
  adsnote = {Provided by the SAO/NASA Astrophysics Data System}
}

@ARTICLE{Livingston2007,
   author = {{Livingston}, W. and {Wallace}, L. and {White}, O.~R. and {Giampapa}, M.~S.
	},
    title = "{Sun-as-a-Star Spectrum Variations 1974-2006}",
  journal = {\apj},
   eprint = {astro-ph/0612554},
 keywords = {Instrumentation: Spectrographs, Sun: General},
     year = 2007,
    month = mar,
   volume = 657,
    pages = {1137-1149},
      doi = {10.1086/511127},
   adsurl = {http://adsabs.harvard.edu/abs/2007ApJ...657.1137L},
  adsnote = {Provided by the SAO/NASA Astrophysics Data System}
}

@ARTICLE{Baliunas1995,
   author = {{Baliunas}, S.~L. and {Donahue}, R.~A. and {Soon}, W.~H. and 
	{Horne}, J.~H. and {Frazer}, J. and {Woodard-Eklund}, L. and 
	{Bradford}, M. and {Rao}, L.~M. and {Wilson}, O.~C. and {Zhang}, Q. and 
	{Bennett}, W. and {Briggs}, J. and {Carroll}, S.~M. and {Duncan}, D.~K. and 
	{Figueroa}, D. and {Lanning}, H.~H. and {Misch}, T. and {Mueller}, J. and 
	{Noyes}, R.~W. and {Poppe}, D. and {Porter}, A.~C. and {Robinson}, C.~R. and 
	{Russell}, J. and {Shelton}, J.~C. and {Soyumer}, T. and {Vaughan}, A.~H. and 
	{Whitney}, J.~H.},
    title = "{Chromospheric variations in main-sequence stars}",
  journal = {\apj},
 keywords = {Chromosphere, Emission Spectra, Main Sequence Stars, Stellar Activity, Stellar Evolution, Variations, Calcium, Flux Density, H Lines, K Lines, Stellar Magnetic Fields, Stellar Rotation},
     year = 1995,
    month = jan,
   volume = 438,
    pages = {269-287},
      doi = {10.1086/175072},
   adsurl = {http://adsabs.harvard.edu/abs/1995ApJ...438..269B},
  adsnote = {Provided by the SAO/NASA Astrophysics Data System}
}

@ARTICLE{Morris2017,
   author = {{Morris}, B.~M. and {Hebb}, L. and {Davenport}, J.~R.~A. and {Roene}, G. and {Hawley}, S.~L.},
    title = "{The Starspots of HAT-P-11: Evidence for a Solar-like Dynamo}",
  journal = {\apj},
     year = 2017
}

@ARTICLE{Dumusque2014,
   author = {{Dumusque}, X. and {Boisse}, I. and {Santos}, N.~C.},
    title = "{SOAP 2.0: A Tool to Estimate the Photometric and Radial Velocity Variations Induced by Stellar Spots and Plages}",
  journal = {\apj},
archivePrefix = "arXiv",
   eprint = {1409.3594},
 primaryClass = "astro-ph.SR",
 keywords = {planetary systems, stars: activity, stars: individual: alpha Cen B, stars: individual: HD 189733, techniques: radial velocities},
     year = 2014,
    month = dec,
   volume = 796,
      eid = {132},
    pages = {132},
      doi = {10.1088/0004-637X/796/2/132},
   adsurl = {http://adsabs.harvard.edu/abs/2014ApJ...796..132D},
  adsnote = {Provided by the SAO/NASA Astrophysics Data System}
}

@ARTICLE{Husser2013,
   author = {{Husser}, T.-O. and {Wende-von Berg}, S. and {Dreizler}, S. and 
	{Homeier}, D. and {Reiners}, A. and {Barman}, T. and {Hauschildt}, P.~H.
	},
    title = "{A new extensive library of PHOENIX stellar atmospheres and synthetic spectra}",
  journal = {\aap},
archivePrefix = "arXiv",
   eprint = {1303.5632},
 primaryClass = "astro-ph.SR",
 keywords = {stars: atmospheres, convection, stars: late-type},
     year = 2013,
    month = may,
   volume = 553,
      eid = {A6},
    pages = {A6},
      doi = {10.1051/0004-6361/201219058},
   adsurl = {http://adsabs.harvard.edu/abs/2013A%26A...553A...6H},
  adsnote = {Provided by the SAO/NASA Astrophysics Data System}
}

@ARTICLE{Wilson1978,
   author = {{Wilson}, O.~C.},
    title = "{Chromospheric variations in main-sequence stars}",
  journal = {\apj},
 keywords = {Chromosphere, Late Stars, Main Sequence Stars, Periodic Variations, Stellar Atmospheres, Calcium, Emission Spectra, Graphs (Charts), Reference Stars, Tables (Data)},
     year = 1978,
    month = dec,
   volume = 226,
    pages = {379-396},
      doi = {10.1086/156618},
   adsurl = {http://adsabs.harvard.edu/abs/1978ApJ...226..379W},
  adsnote = {Provided by the SAO/NASA Astrophysics Data System}
}

@ARTICLE{Baliunas1995,
   author = {{Baliunas}, S.~L. and {Donahue}, R.~A. and {Soon}, W.~H. and 
	{Horne}, J.~H. and {Frazer}, J. and {Woodard-Eklund}, L. and 
	{Bradford}, M. and {Rao}, L.~M. and {Wilson}, O.~C. and {Zhang}, Q. and 
	{Bennett}, W. and {Briggs}, J. and {Carroll}, S.~M. and {Duncan}, D.~K. and 
	{Figueroa}, D. and {Lanning}, H.~H. and {Misch}, T. and {Mueller}, J. and 
	{Noyes}, R.~W. and {Poppe}, D. and {Porter}, A.~C. and {Robinson}, C.~R. and 
	{Russell}, J. and {Shelton}, J.~C. and {Soyumer}, T. and {Vaughan}, A.~H. and 
	{Whitney}, J.~H.},
    title = "{Chromospheric variations in main-sequence stars}",
  journal = {\apj},
 keywords = {Chromosphere, Emission Spectra, Main Sequence Stars, Stellar Activity, Stellar Evolution, Variations, Calcium, Flux Density, H Lines, K Lines, Stellar Magnetic Fields, Stellar Rotation},
     year = 1995,
    month = jan,
   volume = 438,
    pages = {269-287},
      doi = {10.1086/175072},
   adsurl = {http://adsabs.harvard.edu/abs/1995ApJ...438..269B},
  adsnote = {Provided by the SAO/NASA Astrophysics Data System}
}

@ARTICLE{Hall2008,
   author = {{Hall}, J.~C.},
    title = "{Stellar Chromospheric Activity}",
  journal = {Living Reviews in Solar Physics},
 keywords = {Sun, Stars: chromospheres},
     year = 2008,
    month = mar,
   volume = 5,
      eid = {2},
    pages = {2},
      doi = {10.12942/lrsp-2008-2},
   adsurl = {http://adsabs.harvard.edu/abs/2008LRSP....5....2H},
  adsnote = {Provided by the SAO/NASA Astrophysics Data System}
}

@ARTICLE{Wilson1978,
   author = {{Wilson}, O.~C.},
    title = "{Chromospheric variations in main-sequence stars}",
  journal = {\apj},
 keywords = {Chromosphere, Late Stars, Main Sequence Stars, Periodic Variations, Stellar Atmospheres, Calcium, Emission Spectra, Graphs (Charts), Reference Stars, Tables (Data)},
     year = 1978,
    month = dec,
   volume = 226,
    pages = {379-396},
      doi = {10.1086/156618},
   adsurl = {http://adsabs.harvard.edu/abs/1978ApJ...226..379W},
  adsnote = {Provided by the SAO/NASA Astrophysics Data System}
}

@ARTICLE{Skumanich1972,
   author = {{Skumanich}, A.},
    title = "{Time Scales for CA II Emission Decay, Rotational Braking, and Lithium Depletion}",
  journal = {\apj},
     year = 1972,
    month = feb,
   volume = 171,
    pages = {565},
      doi = {10.1086/151310},
   adsurl = {http://adsabs.harvard.edu/abs/1972ApJ...171..565S},
  adsnote = {Provided by the SAO/NASA Astrophysics Data System}
}

@ARTICLE{Waldmeier1935,
   author = {{Waldmeier}, M.},
    title = "{Neue Eigenschaften der Sonnenfleckenkurve}",
  journal = {Astronomische Mitteilungen der Eidgen{\"o}ssischen Sternwarte Zurich},
     year = 1935,
   volume = 14,
    pages = {105-136},
   adsurl = {http://adsabs.harvard.edu/abs/1935MiZur..14..105W},
  adsnote = {Provided by the SAO/NASA Astrophysics Data System}
}

@ARTICLE{Egeland2017,
   author = {{Egeland}, R. and {Soon}, W. and {Baliunas}, S. and {Hall}, J.~C. and 
	{Pevtsov}, A.~A. and {Bertello}, L.},
    title = "{The Mount Wilson Observatory S-index of the Sun}",
  journal = {\apj},
archivePrefix = "arXiv",
   eprint = {1611.04540},
 primaryClass = "astro-ph.SR",
 keywords = {stars: activity, Sun: activity, Sun: chromosphere},
     year = 2017,
    month = jan,
   volume = 835,
      eid = {25},
    pages = {25},
      doi = {10.3847/1538-4357/835/1/25},
   adsurl = {http://adsabs.harvard.edu/abs/2017ApJ...835...25E},
  adsnote = {Provided by the SAO/NASA Astrophysics Data System}
}

@ARTICLE{Montet2017,
   author = {{Montet}, B.~T. and {Tovar}, G. and {Foreman-Mackey}, D.},
    title = "{Long Term Photometric Variability in Kepler Full Frame Images: Magnetic Cycles of Sun-Like Stars}",
  journal = {ArXiv e-prints},
archivePrefix = "arXiv",
   eprint = {1705.07928},
 primaryClass = "astro-ph.SR",
 keywords = {Astrophysics - Solar and Stellar Astrophysics},
     year = 2017,
    month = may,
   adsurl = {http://adsabs.harvard.edu/abs/2017arXiv170507928M},
  adsnote = {Provided by the SAO/NASA Astrophysics Data System}
}

@ARTICLE{Chen2017,
   author = {{Chen}, J. and {Kipping}, D.},
    title = "{Probabilistic Forecasting of the Masses and Radii of Other Worlds}",
  journal = {\apj},
archivePrefix = "arXiv",
   eprint = {1603.08614},
 primaryClass = "astro-ph.EP",
 keywords = {methods: statistics, planetary systems},
     year = 2017,
    month = jan,
   volume = 834,
      eid = {17},
    pages = {17},
      doi = {10.3847/1538-4357/834/1/17},
   adsurl = {http://adsabs.harvard.edu/abs/2017ApJ...834...17C},
  adsnote = {Provided by the SAO/NASA Astrophysics Data System}
}

@ARTICLE{Mittag2013,
   author = {{Mittag}, M. and {Schmitt}, J.~H.~M.~M. and {Schr{\"o}der}, K.-P.
	},
    title = "{Ca II H+K fluxes from S-indices of large samples: a reliable and consistent conversion based on PHOENIX model atmospheres}",
  journal = {\aap},
 keywords = {stars: atmospheres, stars: activity, stars: chromospheres, stars: late-type, stars: solar-type},
     year = 2013,
    month = jan,
   volume = 549,
      eid = {A117},
    pages = {A117},
      doi = {10.1051/0004-6361/201219868},
   adsurl = {http://adsabs.harvard.edu/abs/2013A%26A...549A.117M},
  adsnote = {Provided by the SAO/NASA Astrophysics Data System}
}

@ARTICLE{Noyes1984,
   author = {{Noyes}, R.~W. and {Hartmann}, L.~W. and {Baliunas}, S.~L. and 
	{Duncan}, D.~K. and {Vaughan}, A.~H.},
    title = "{Rotation, convection, and magnetic activity in lower main-sequence stars}",
  journal = {\apj},
 keywords = {Magnetic Stars, Main Sequence Stars, Stellar Activity, Stellar Magnetic Fields, Stellar Rotation, Chromosphere, Convection, Late Stars, Magnetoactivity},
     year = 1984,
    month = apr,
   volume = 279,
    pages = {763-777},
      doi = {10.1086/161945},
   adsurl = {http://adsabs.harvard.edu/abs/1984ApJ...279..763N},
  adsnote = {Provided by the SAO/NASA Astrophysics Data System}
}

@ARTICLE{Wright2004,
   author = {{Wright}, J.~T. and {Marcy}, G.~W. and {Butler}, R.~P. and {Vogt}, S.~S.
	},
    title = "{Chromospheric Ca II Emission in Nearby F, G, K, and M Stars}",
  journal = {\apjs},
   eprint = {astro-ph/0402582},
 keywords = {Stars: Activity, Stars: Chromospheres, Stars: Rotation},
     year = 2004,
    month = jun,
   volume = 152,
    pages = {261-295},
      doi = {10.1086/386283},
   adsurl = {http://adsabs.harvard.edu/abs/2004ApJS..152..261W},
  adsnote = {Provided by the SAO/NASA Astrophysics Data System}
}

@ARTICLE{Perryman1997,
   author = {{Perryman}, M.~A.~C. and {Lindegren}, L. and {Kovalevsky}, J. and 
	{Hoeg}, E. and {Bastian}, U. and {Bernacca}, P.~L. and {Cr{\'e}z{\'e}}, M. and 
	{Donati}, F. and {Grenon}, M. and {Grewing}, M. and {van Leeuwen}, F. and 
	{van der Marel}, H. and {Mignard}, F. and {Murray}, C.~A. and 
	{Le Poole}, R.~S. and {Schrijver}, H. and {Turon}, C. and {Arenou}, F. and 
	{Froeschl{\'e}}, M. and {Petersen}, C.~S.},
    title = "{The HIPPARCOS Catalogue}",
  journal = {\aap},
     year = 1997,
    month = jul,
   volume = 323,
    pages = {L49-L52},
   adsurl = {http://adsabs.harvard.edu/abs/1997A%26A...323L..49P},
  adsnote = {Provided by the SAO/NASA Astrophysics Data System}
}

@ARTICLE{Mazeh2015,
   author = {{Mazeh}, T. and {Perets}, H.~B. and {McQuillan}, A. and {Goldstein}, E.~S.
	},
    title = "{Photometric Amplitude Distribution of Stellar Rotation of KOIs - Indication for Spin-Orbit Alignment of Cool Stars and High Obliquity for Hot Stars}",
  journal = {\apj},
archivePrefix = "arXiv",
   eprint = {1501.01288},
 primaryClass = "astro-ph.EP",
 keywords = {methods: observational, planets and satellites: dynamical evolution and stability, planet-star interactions, stars: rotation },
     year = 2015,
    month = mar,
   volume = 801,
      eid = {3},
    pages = {3},
      doi = {10.1088/0004-637X/801/1/3},
   adsurl = {http://adsabs.harvard.edu/abs/2015ApJ...801....3M},
  adsnote = {Provided by the SAO/NASA Astrophysics Data System}
}

@ARTICLE{Petigura2017,
   author = {{Petigura}, E.~A. and {Howard}, A.~W. and {Marcy}, G.~W. and 
	{Johnson}, J.~A. and {Isaacson}, H. and {Cargile}, P.~A. and 
	{Hebb}, L. and {Fulton}, B.~J. and {Weiss}, L.~M. and {Morton}, T.~D. and 
	{Winn}, J.~N. and {Rogers}, L.~A. and {Sinukoff}, E. and {Hirsch}, L.~A. and 
	{Crossfield}, I.~J.~M.},
    title = "{The California-Kepler Survey. I. High Resolution Spectroscopy of 1305 Stars Hosting Kepler Transiting Planets}",
  journal = {ArXiv e-prints},
archivePrefix = "arXiv",
   eprint = {1703.10400},
 primaryClass = "astro-ph.EP",
 keywords = {Astrophysics - Earth and Planetary Astrophysics},
     year = 2017,
    month = mar,
   adsurl = {http://adsabs.harvard.edu/abs/2017arXiv170310400P},
  adsnote = {Provided by the SAO/NASA Astrophysics Data System}
}

@ARTICLE{Johnson2017,
   author = {{Johnson}, J.~A. and {Petigura}, E.~A. and {Fulton}, B.~J. and 
	{Marcy}, G.~W. and {Howard}, A.~W. and {Isaacson}, H. and {Hebb}, L. and 
	{Cargile}, P.~A. and {Morton}, T.~D. and {Weiss}, L.~M. and 
	{Winn}, J.~N. and {Rogers}, L.~A. and {Sinukoff}, E. and {Hirsch}, L.~A.
	},
    title = "{The California-Kepler Survey. II. Precise Physical Properties of 2025 Kepler Planets and Their Host Stars}",
  journal = {ArXiv e-prints},
archivePrefix = "arXiv",
   eprint = {1703.10402},
 primaryClass = "astro-ph.EP",
 keywords = {Astrophysics - Earth and Planetary Astrophysics},
     year = 2017,
    month = mar,
   adsurl = {http://adsabs.harvard.edu/abs/2017arXiv170310402J},
  adsnote = {Provided by the SAO/NASA Astrophysics Data System}
}

@ARTICLE{Brown2011,
   author = {{Brown}, T.~M. and {Latham}, D.~W. and {Everett}, M.~E. and 
	{Esquerdo}, G.~A.},
    title = "{Kepler Input Catalog: Photometric Calibration and Stellar Classification}",
  journal = {\aj},
archivePrefix = "arXiv",
   eprint = {1102.0342},
 primaryClass = "astro-ph.SR",
 keywords = {catalogs, methods: data analysis, surveys, techniques: photometric},
     year = 2011,
    month = oct,
   volume = 142,
      eid = {112},
    pages = {112},
      doi = {10.1088/0004-6256/142/4/112},
   adsurl = {http://adsabs.harvard.edu/abs/2011AJ....142..112B},
  adsnote = {Provided by the SAO/NASA Astrophysics Data System}
}

@ARTICLE{Wright2011,
   author = {{Wright}, N.~J. and {Drake}, J.~J. and {Mamajek}, E.~E. and 
	{Henry}, G.~W.},
    title = "{The Stellar-activity-Rotation Relationship and the Evolution of Stellar Dynamos}",
  journal = {\apj},
archivePrefix = "arXiv",
   eprint = {1109.4634},
 primaryClass = "astro-ph.SR",
 keywords = {stars: activity, stars: coronae, stars: evolution, stars: late-type, stars: magnetic field, stars: rotation, X-rays: stars},
     year = 2011,
    month = dec,
   volume = 743,
      eid = {48},
    pages = {48},
      doi = {10.1088/0004-637X/743/1/48},
   adsurl = {http://adsabs.harvard.edu/abs/2011ApJ...743...48W},
  adsnote = {Provided by the SAO/NASA Astrophysics Data System}
}

@ARTICLE{Ogilvie2014,
   author = {{Ogilvie}, G.~I.},
    title = "{Tidal Dissipation in Stars and Giant Planets}",
  journal = {\araa},
archivePrefix = "arXiv",
   eprint = {1406.2207},
 primaryClass = "astro-ph.SR",
     year = 2014,
    month = aug,
   volume = 52,
    pages = {171-210},
      doi = {10.1146/annurev-astro-081913-035941},
   adsurl = {http://adsabs.harvard.edu/abs/2014ARA%26A..52..171O},
  adsnote = {Provided by the SAO/NASA Astrophysics Data System}
}

@ARTICLE{Christensen-Dalsgaard2002,
   author = {{Christensen-Dalsgaard}, J.},
    title = "{Helioseismology}",
  journal = {Reviews of Modern Physics},
   eprint = {astro-ph/0207403},
 keywords = {Helioseismology pulsations and shock waves, Solar interior, Electric and magnetic fields solar magnetism, Particle emission solar wind, Solar neutrinos},
     year = 2002,
    month = nov,
   volume = 74,
    pages = {1073-1129},
      doi = {10.1103/RevModPhys.74.1073},
   adsurl = {http://adsabs.harvard.edu/abs/2002RvMP...74.1073C},
  adsnote = {Provided by the SAO/NASA Astrophysics Data System}
}

@ARTICLE{vanSaders2012,
   author = {{van Saders}, J.~L. and {Pinsonneault}, M.~H.},
    title = "{The Sensitivity of Convection Zone Depth to Stellar Abundances: An Absolute Stellar Abundance Scale from Asteroseismology}",
  journal = {\apj},
archivePrefix = "arXiv",
   eprint = {1108.2273},
 primaryClass = "astro-ph.SR",
 keywords = {stars: abundances, stars: interiors, stars: oscillations},
     year = 2012,
    month = feb,
   volume = 746,
      eid = {16},
    pages = {16},
      doi = {10.1088/0004-637X/746/1/16},
   adsurl = {http://cdsads.u-strasbg.fr/abs/2012ApJ...746...16V},
  adsnote = {Provided by the SAO/NASA Astrophysics Data System}
}

@ARTICLE{Wisdom2004,
   author = {{Wisdom}, J.},
    title = "{Spin-Orbit Secondary Resonance Dynamics of Enceladus}",
  journal = {\aj},
 keywords = {Celestial Mechanics, gravitation, Methods: Analytical, Methods: Numerical, planets and satellites: individual (Enceladus), planets and satellites: individual (Mimas), Planets and Satellites: Individual: Saturn, Planets and Satellites: Formation},
     year = 2004,
    month = jul,
   volume = 128,
    pages = {484-491},
      doi = {10.1086/421360},
   adsurl = {http://adsabs.harvard.edu/abs/2004AJ....128..484W},
  adsnote = {Provided by the SAO/NASA Astrophysics Data System}
}

@ARTICLE{Hathaway2002,
   author = {{Hathaway}, D.~H. and {Wilson}, R.~M. and {Reichmann}, E.~J.
	},
    title = "{Group Sunspot Numbers: Sunspot Cycle Characteristics}",
  journal = {\solphys},
     year = 2002,
    month = dec,
   volume = 211,
    pages = {357-370},
      doi = {10.1023/A:1022425402664},
   adsurl = {http://adsabs.harvard.edu/abs/2002SoPh..211..357H},
  adsnote = {Provided by the SAO/NASA Astrophysics Data System}
}

@ARTICLE{Poppenhaeger2014,
   author = {{Poppenhaeger}, K. and {Wolk}, S.~J.},
    title = "{Indications for an influence of hot Jupiters on the rotation and activity of their host stars}",
  journal = {\aap},
archivePrefix = "arXiv",
   eprint = {1404.1073},
 primaryClass = "astro-ph.SR",
 keywords = {stars: activity, stars: coronae, planet-star interactions, X-rays: stars, binaries: general},
     year = 2014,
    month = may,
   volume = 565,
      eid = {L1},
    pages = {L1},
      doi = {10.1051/0004-6361/201423454},
   adsurl = {http://adsabs.harvard.edu/abs/2014A%26A...565L...1P},
  adsnote = {Provided by the SAO/NASA Astrophysics Data System}
}

@article{wright2015, title={Magnetism and activity of planet hosting stars}, volume={11}, DOI={10.1017/S1743921316002143}, number={S320}, journal={Proceedings of the International Astronomical Union}, publisher={Cambridge University Press}, author={Wright, Jason T. and Miller, Brendan P.}, year={2015}, pages={357?366}}

@ARTICLE{saar2001,
   author = {{Saar}, S.~H. and {Cuntz}, M.},
    title = "{A search for Ca II emission enhancement in stars resulting from nearby giant planets}",
  journal = {\mnras},
 keywords = {STARS: ACTIVITY, STARS: CHROMOSPHERES, STARS: LATE-TYPE, PLANETARY SYSTEMS, STARS: ROTATION},
     year = 2001,
    month = jul,
   volume = 325,
    pages = {55-59},
      doi = {10.1046/j.1365-8711.2001.04296.x},
   adsurl = {http://adsabs.harvard.edu/abs/2001MNRAS.325...55S},
  adsnote = {Provided by the SAO/NASA Astrophysics Data System}
}



@ARTICLE{miller2015,
   author = {{Miller}, B.~P. and {Gallo}, E. and {Wright}, J.~T. and {Pearson}, E.~G.
	},
    title = "{A Comprehensive Statistical Assessment of Star-Planet Interaction}",
  journal = {\apj},
archivePrefix = "arXiv",
   eprint = {1411.3348},
 primaryClass = "astro-ph.HE",
 keywords = {planetary systems, stars: activity, stars: magnetic field},
     year = 2015,
    month = feb,
   volume = 799,
      eid = {163},
    pages = {163},
      doi = {10.1088/0004-637X/799/2/163},
   adsurl = {http://adsabs.harvard.edu/abs/2015ApJ...799..163M},
  adsnote = {Provided by the SAO/NASA Astrophysics Data System}
}


@ARTICLE{Astropy2013,
   author = {{Astropy Collaboration} and {Robitaille}, T.~P. and {Tollerud}, E.~J. and 
    {Greenfield}, P. and {Droettboom}, M. and {Bray}, E. and {Aldcroft}, T. and 
    {Davis}, M. and {Ginsburg}, A. and {Price-Whelan}, A.~M. and 
    {Kerzendorf}, W.~E. and {Conley}, A. and {Crighton}, N. and 
    {Barbary}, K. and {Muna}, D. and {Ferguson}, H. and {Grollier}, F. and 
    {Parikh}, M.~M. and {Nair}, P.~H. and {Unther}, H.~M. and {Deil}, C. and 
    {Woillez}, J. and {Conseil}, S. and {Kramer}, R. and {Turner}, J.~E.~H. and 
    {Singer}, L. and {Fox}, R. and {Weaver}, B.~A. and {Zabalza}, V. and 
    {Edwards}, Z.~I. and {Azalee Bostroem}, K. and {Burke}, D.~J. and 
    {Casey}, A.~R. and {Crawford}, S.~M. and {Dencheva}, N. and 
    {Ely}, J. and {Jenness}, T. and {Labrie}, K. and {Lian Lim}, P. and 
    {Pierfederici}, F. and {Pontzen}, A. and {Ptak}, A. and {Refsdal}, B. and 
    {Servillat}, M. and {Streicher}, O.},
    title = "{Astropy: A community Python package for astronomy}",
  journal = {\aap},
 keywords = {methods: data analysis, methods: miscellaneous, virtual observatory tools},
     year = 2013,
    month = oct,
   volume = 558,
      eid = {A33},
    pages = {A33},
      doi = {10.1051/0004-6361/201322068},
   adsurl = {http://adsabs.harvard.edu/abs/2013A%26A...558A..33A},
  adsnote = {Provided by the SAO/NASA Astrophysics Data System}
}


@Misc{scipy,
  author =    {Eric Jones and Travis Oliphant and Pearu Peterson and others},
  title =     {{SciPy}: Open source scientific tools for {Python}},
  year =      {2001},
  url = "http://www.scipy.org/",
}

@ARTICLE{VanDerWalt2011,
   author = {{Van Der Walt}, S. and {Colbert}, S.~C. and {Varoquaux}, G.},
    title = "{The NumPy array: a structure for efficient numerical computation}",
  journal = {ArXiv e-prints},
archivePrefix = "arXiv",
   eprint = {1102.1523},
 primaryClass = "cs.MS",
 keywords = {Computer Science - Mathematical Software},
     year = 2011,
    month = feb,
   adsurl = {http://adsabs.harvard.edu/abs/2011arXiv1102.1523V},
  adsnote = {Provided by the SAO/NASA Astrophysics Data System}
}

@ARTICLE{matplotlib,
   author = {{Hunter}, J.~D.},
    title = "{Matplotlib: A 2D Graphics Environment}",
  journal = {Computing in Science and Engineering},
 keywords = {Python, Scripting languages, Application development, Scientific programming  },
     year = 2007,
    month = may,
   volume = 9,
    pages = {90-95},
      doi = {10.1109/MCSE.2007.55},
   adsurl = {http://adsabs.harvard.edu/abs/2007CSE.....9...90H},
  adsnote = {Provided by the SAO/NASA Astrophysics Data System}
}

@article{ipython,
 author = {Perez, Fernando and Granger, Brian E.},
 title = {IPython: A System for Interactive Scientific Computing},
 journal = {Computing in Science and Engg.},
 issue_date = {May 2007},
 volume = {9},
 number = {3},
 month = may,
 year = {2007},
 issn = {1521-9615},
 pages = {21--29},
 numpages = {9},
 url = {http://dx.doi.org/10.1109/MCSE.2007.53},
 doi = {10.1109/MCSE.2007.53},
 acmid = {1251831},
 publisher = {IEEE Educational Activities Department},
 address = {Piscataway, NJ, USA},
 keywords = {Python, Python, computer languages, scientific programming, scientific computing, computer languages, scientific computing, scientific programming},
} 


@MISC{2013ascl.soft04002G,
   author = {{Greenfield}, P. and {Robitaille}, T. and {Tollerud}, E. and
	{Aldcroft}, T. and {Barbary}, K. and {Barrett}, P. and {Bray}, E. and
	{Crighton}, N. and {Conley}, A. and {Conseil}, S. and {Davis}, M. and
	{Deil}, C. and {Dencheva}, N. and {Droettboom}, M. and {Ferguson}, H. and
	{Ginsburg}, A. and {Grollier}, F. and {Moritz G{\"u}nther}, H. and
	{Hanley}, C. and {Hsu}, J.~C. and {Kerzendorf}, W. and {Kramer}, R. and
	{Lian Lim}, P. and {Muna}, D. and {Nair}, P. and {Price-Whelan}, A. and
	{Shiga}, D. and {Singer}, L. and {Taylor}, J. and {Turner}, J. and
	{Woillez}, J. and {Zabalza}, V.},
    title = "{Astropy: Community Python library for astronomy}",
 keywords = {Software },
howpublished = {Astrophysics Source Code Library},
     year = 2013,
    month = apr,
archivePrefix = "ascl",
   eprint = {1304.002},
   adsurl = {http://adsabs.harvard.edu/abs/2013ascl.soft04002G},
  adsnote = {Provided by the SAO/NASA Astrophysics Data System}
}

@INPROCEEDINGS{Morris2016,
   author = {{Morris}, B.},
    title = "{astroplan: Observation Planning for Astronomers}",
booktitle = {Python in Astronomy 2016},
     year = 2016,
    month = mar,
      eid = {19},
    pages = {19},
      doi = {10.5281/zenodo.54845},
   adsurl = {http://adsabs.harvard.edu/abs/2016pyas.confE..19M},
  adsnote = {Provided by the SAO/NASA Astrophysics Data System}
}

@inproceedings{Jeschke17A, author= {E. Jeschke, R. Kackley, T. Inagaki, S. Yeh, T. Pyo, F. Nakata, I. Iwata, F. Finet, S. Koshida, K. Helminiak, Y. Koyama and M. Onodera}, title= {Queue Mode Software for Subaru Telescope}, booktitle= {Astronomical Data Analysis Software and Systems XXVI}, year= {2017}, publisher= {ASP}, note= {In progress}}

@misc{photutils,
  author       = {Larry Bradley and
                  Brigitta Sipocz and
                  Thomas Robitaille and
                  Erik Tollerud and
                  Zè Vinícius and
                  Christoph Deil and
                  Kyle Barbary and
                  Hans Moritz Günther and
                  Mihai Cara and
                  Michael Droettboom and
                  Azalee Bostroem and
                  Erik Bray and
                  Lars Andersen Bratholm and
                  T. E. Pickering and
                  Matt Craig and
                  Geert Barentsen and
                  Sergio Pascual and
                  adonath and
                  Johnny Greco and
                  Wolfgang Kerzendorf and
                  StuartLittlefair and
                  Leonardo Ferreira and
                  Francesco D'Eugenio and
                  Benjamin Alan Weaver},
  title        = {astropy/photutils: v0.3},
  month        = nov,
  year         = 2016,
  doi          = {10.5281/zenodo.164986},
  url          = {https://doi.org/10.5281/zenodo.164986}
}

@misc{astroquery,
  author       = {Adam Ginsburg and
                  Brigitta Sipocz and
                  Madhura Parikh and
                  Julien Woillez and
                  Austen Groener and
                  Simon Liedtke and
                  Thomas Robitaille and
                  Christoph Deil and
                  jcsegovia and
                  Henrik Norman and
                  Brian Svoboda and
                  Erik Tollerud and
                  Magnus Vilhelm Persson and
                  adamginsburg and
                  Loïc Séguin-Charbonneau and
                  Caden Armstrong and
                  Jordan Mirocha and
                  Miguel de Val-Borro and
                  C. E. Brasseur and
                  Ayush Yadav and
                  Michael Droettboom and
                  Fred Moolekamp and
                  Michael Seifert and
                  james-allen and
                  Azalee Bostroem and
                  Ricky Egeland and
                  Evert Rol and
                  Leo Singer and
                  Kyle Barbary and
                  Frédéric Grollier},
  title        = {astropy/astroquery: v0.3.6 with fixed license},
  month        = jul,
  year         = 2017,
  doi          = {10.5281/zenodo.826911},
  url          = {https://doi.org/10.5281/zenodo.826911}
}

@misc{ccdproc,
  author       = {Matt Craig and
                  Steve Crawford and
                  Michael Seifert and
                  Thomas Robitaille and
                  Brigitta Sipocz and
                  Josh Walawender and
                  Zè Vinícius and
                  Joe Philip Ninan and
                  Michael Droettboom and
                  Erik Tollerud and
                  Erik Bray and
                  walkerna22 and
                  stottsco and
                  Hans Moritz Günther and
                  Evert Rol and
                  Larry Bradley and
                  Christoph Deil and
                  Kyle Barbary and
                  Anthony Horton and
                  William Schoenell and
                  Nathan and
                  Forrest Gasdia and
                  Wolfgang Kerzendorf and
                  Stefan Nelson and
                  Sourav Singh and
                  Ole Streicher and
                  Jennifer Karr and
                  Elias Holte and
                  Carlos Gomez and
                  Benjamin Alan Weaver},
  title        = {astropy/ccdproc: 1.2.0},
  month        = dec,
  year         = 2016,
  doi          = {10.5281/zenodo.220257},
  url          = {https://doi.org/10.5281/zenodo.220257}
}

@misc{tollerud2016,
  author       = {Tollerud, Erik},
  title        = {{Python Packaging/Affiliated Package Template 
                   Tutorial}},
  month        = mar,
  year         = 2016,
  doi          = {10.5281/zenodo.48385},
  url          = {https://doi.org/10.5281/zenodo.48385}
}

@BOOK{Meeus,
   author = {{Meeus}, J.},
    title = "{Astronomical algorithms}",
booktitle = {Richmond, Virginia: Willmann-Bell, |c1991},
     year = 1991,
   adsurl = {http://adsabs.harvard.edu/abs/1991aalg.book.....M},
  adsnote = {Provided by the SAO/NASA Astrophysics Data System}
}

@MISC{pyephem,
   author = {{Rhodes}, B.~C.},
    title = "{PyEphem: Astronomical Ephemeris for Python}",
 keywords = {Software},
howpublished = {Astrophysics Source Code Library},
     year = 2011,
    month = dec,
archivePrefix = "ascl",
   eprint = {1112.014},
   adsurl = {http://adsabs.harvard.edu/abs/2011ascl.soft12014R},
  adsnote = {Provided by the SAO/NASA Astrophysics Data System}
}


@MISC{IRAF,
   author = {{National Optical Astronomy Observatories}},
    title = "{IRAF: Image Reduction and Analysis Facility}",
 keywords = {Software },
howpublished = {Astrophysics Source Code Library},
     year = 1999,
    month = nov,
archivePrefix = "ascl",
   eprint = {9911.002},
   adsurl = {http://adsabs.harvard.edu/abs/1999ascl.soft11002N},
  adsnote = {Provided by the SAO/NASA Astrophysics Data System}
}

@ARTICLE{Perryman2014,
   author = {{Perryman}, M. and {Hartman}, J. and {Bakos}, G.~{\'A}. and 
	{Lindegren}, L.},
    title = "{Astrometric Exoplanet Detection with Gaia}",
  journal = {\apj},
archivePrefix = "arXiv",
   eprint = {1411.1173},
 primaryClass = "astro-ph.EP",
 keywords = {astrometry, planets and satellites: general, space vehicles: instruments},
     year = 2014,
    month = dec,
   volume = 797,
      eid = {14},
    pages = {14},
      doi = {10.1088/0004-637X/797/1/14},
   adsurl = {http://adsabs.harvard.edu/abs/2014ApJ...797...14P},
  adsnote = {Provided by the SAO/NASA Astrophysics Data System}
}

@INPROCEEDINGS{Catanzarite2008,
   author = {{Catanzarite}, J. and {Law}, N. and {Shao}, M.},
    title = "{Astrometric detection of exo-Earths in the presence of stellar noise}",
booktitle = {Optical and Infrared Interferometry},
     year = 2008,
   series = {\procspie},
   volume = 7013,
archivePrefix = "arXiv",
   eprint = {0807.1930},
    month = jul,
      eid = {70132K},
    pages = {70132K},
      doi = {10.1117/12.787904},
   adsurl = {http://adsabs.harvard.edu/abs/2008SPIE.7013E..2KC},
  adsnote = {Provided by the SAO/NASA Astrophysics Data System}
}

@ARTICLE{Eriksson2007,
   author = {{Eriksson}, U. and {Lindegren}, L.},
    title = "{Limits of ultra-high-precision optical astrometry. Stellar surface structures}",
  journal = {\aap},
archivePrefix = "arXiv",
   eprint = {0706.1646},
 keywords = {stars: general, starspots, planetary systems, techniques: interferometric, methods:, statistical},
     year = 2007,
    month = dec,
   volume = 476,
    pages = {1389-1400},
      doi = {10.1051/0004-6361:20078031},
   adsurl = {http://adsabs.harvard.edu/abs/2007A%26A...476.1389E},
  adsnote = {Provided by the SAO/NASA Astrophysics Data System}
}

@ARTICLE{Metcalfe2010,
   author = {{Metcalfe}, T.~S. and {Basu}, S. and {Henry}, T.~J. and {Soderblom}, D.~R. and 
	{Judge}, P.~G. and {Kn{\"o}lker}, M. and {Mathur}, S. and {Rempel}, M.
	},
    title = "{Discovery of a 1.6 Year Magnetic Activity Cycle in the Exoplanet Host Star {$\iota$} Horologii}",
  journal = {\apjl},
archivePrefix = "arXiv",
   eprint = {1009.5399},
 primaryClass = "astro-ph.SR",
 keywords = {stars: activity, stars: chromospheres, stars: individual: HD 17051 HR 810, surveys},
     year = 2010,
    month = nov,
   volume = 723,
    pages = {L213-L217},
      doi = {10.1088/2041-8205/723/2/L213},
   adsurl = {http://adsabs.harvard.edu/abs/2010ApJ...723L.213M},
  adsnote = {Provided by the SAO/NASA Astrophysics Data System}
}

@ARTICLE{Michalik2015,
   author = {{Michalik}, D. and {Lindegren}, L. and {Hobbs}, D.},
    title = "{The Tycho-Gaia astrometric solution . How to get 2.5 million parallaxes with less than one year of Gaia data}",
  journal = {\aap},
archivePrefix = "arXiv",
   eprint = {1412.8770},
 primaryClass = "astro-ph.IM",
 keywords = {astrometry, methods: data analysis, methods: numerical, space vehicles: instruments, parallaxes, proper motions},
     year = 2015,
    month = feb,
   volume = 574,
      eid = {A115},
    pages = {A115},
      doi = {10.1051/0004-6361/201425310},
   adsurl = {http://adsabs.harvard.edu/abs/2015A%26A...574A.115M},
  adsnote = {Provided by the SAO/NASA Astrophysics Data System}
}

@ARTICLE{Charbonneau2014,
   author = {{Charbonneau}, P.},
    title = "{Solar Dynamo Theory}",
  journal = {\araa},
     year = 2014,
    month = aug,
   volume = 52,
    pages = {251-290},
      doi = {10.1146/annurev-astro-081913-040012},
   adsurl = {http://adsabs.harvard.edu/abs/2014ARA%26A..52..251C},
  adsnote = {Provided by the SAO/NASA Astrophysics Data System}
}

@ARTICLE{Morin2010,
   author = {{Morin}, J. and {Donati}, J.-F. and {Petit}, P. and {Delfosse}, X. and 
	{Forveille}, T. and {Jardine}, M.~M.},
    title = "{Large-scale magnetic topologies of late M dwarfs*}",
  journal = {\mnras},
archivePrefix = "arXiv",
   eprint = {1005.5552},
 primaryClass = "astro-ph.SR",
     year = 2010,
    month = oct,
   volume = 407,
    pages = {2269-2286},
      doi = {10.1111/j.1365-2966.2010.17101.x},
   adsurl = {http://adsabs.harvard.edu/abs/2010MNRAS.407.2269M},
  adsnote = {Provided by the SAO/NASA Astrophysics Data System}
}

@ARTICLE{Boyajian2012,
   author = {{Boyajian}, T.~S. and {von Braun}, K. and {van Belle}, G. and 
	{McAlister}, H.~A. and {ten Brummelaar}, T.~A. and {Kane}, S.~R. and 
	{Muirhead}, P.~S. and {Jones}, J. and {White}, R. and {Schaefer}, G. and 
	{Ciardi}, D. and {Henry}, T. and {L{\'o}pez-Morales}, M. and 
	{Ridgway}, S. and {Gies}, D. and {Jao}, W.-C. and {Rojas-Ayala}, B. and 
	{Parks}, J.~R. and {Sturmann}, L. and {Sturmann}, J. and {Turner}, N.~H. and 
	{Farrington}, C. and {Goldfinger}, P.~J. and {Berger}, D.~H.
	},
    title = "{Stellar Diameters and Temperatures. II. Main-sequence K- and M-stars}",
  journal = {\apj},
archivePrefix = "arXiv",
   eprint = {1208.2431},
 primaryClass = "astro-ph.SR",
 keywords = {Hertzsprung-Russell and C-M diagrams, infrared: stars, planetary systems, stars: atmospheres, stars: fundamental parameters, stars: general, stars: late-type, stars: low-mass, techniques: high angular resolution, techniques: interferometric},
     year = 2012,
    month = oct,
   volume = 757,
      eid = {112},
    pages = {112},
      doi = {10.1088/0004-637X/757/2/112},
   adsurl = {http://adsabs.harvard.edu/abs/2012ApJ...757..112B},
  adsnote = {Provided by the SAO/NASA Astrophysics Data System}
}

@ARTICLE{Robertson2013,
   author = {{Robertson}, P. and {Endl}, M. and {Cochran}, W.~D. and {Dodson-Robinson}, S.~E.
	},
    title = "{H{$\alpha$} Activity of Old M Dwarfs: Stellar Cycles and Mean Activity Levels for 93 Low-mass Stars in the Solar Neighborhood}",
  journal = {\apj},
archivePrefix = "arXiv",
   eprint = {1211.6091},
 primaryClass = "astro-ph.SR",
 keywords = {planetary systems, stars: activity, stars: kinematics and dynamics, stars: late-type, techniques: radial velocities, techniques: spectroscopic},
     year = 2013,
    month = feb,
   volume = 764,
      eid = {3},
    pages = {3},
      doi = {10.1088/0004-637X/764/1/3},
   adsurl = {http://adsabs.harvard.edu/abs/2013ApJ...764....3R},
  adsnote = {Provided by the SAO/NASA Astrophysics Data System}
}

@ARTICLE{GomesdaSilva2012,
   author = {{Gomes da Silva}, J. and {Santos}, N.~C. and {Bonfils}, X. and 
	{Delfosse}, X. and {Forveille}, T. and {Udry}, S. and {Dumusque}, X. and 
	{Lovis}, C.},
    title = "{Long-term magnetic activity of a sample of M-dwarf stars from the HARPS program . II. Activity and radial velocity}",
  journal = {\aap},
archivePrefix = "arXiv",
   eprint = {1202.1564},
 primaryClass = "astro-ph.SR",
 keywords = {planets and satellites: detection, stars: activity, stars: late-type, techniques: radial velocities, techniques: spectroscopic},
     year = 2012,
    month = may,
   volume = 541,
      eid = {A9},
    pages = {A9},
      doi = {10.1051/0004-6361/201118598},
   adsurl = {http://adsabs.harvard.edu/abs/2012A%26A...541A...9G},
  adsnote = {Provided by the SAO/NASA Astrophysics Data System}
}

@ARTICLE{Mascareno2016,
   author = {{Su{\'a}rez Mascare{\~n}o}, A. and {Rebolo}, R. and {Gonz{\'a}lez Hern{\'a}ndez}, J.~I.
	},
    title = "{Magnetic cycles and rotation periods of late-type stars from photometric time series}",
  journal = {\aap},
archivePrefix = "arXiv",
   eprint = {1607.03049},
 primaryClass = "astro-ph.SR",
 keywords = {stars: low-mass, stars: late-type, stars: rotation, stars: activity, techniques: photometric},
     year = 2016,
    month = oct,
   volume = 595,
      eid = {A12},
    pages = {A12},
      doi = {10.1051/0004-6361/201628586},
   adsurl = {http://adsabs.harvard.edu/abs/2016A%26A...595A..12S},
  adsnote = {Provided by the SAO/NASA Astrophysics Data System}
}

@ARTICLE{Kurster2000,
   author = {{K{\"u}rster}, M. and {Endl}, M. and {Els}, S. and {Hatzes}, A.~P. and 
	{Cochran}, W.~D. and {D{\"o}bereiner}, S. and {Dennerl}, K.},
    title = "{An extrasolar giant planet in an Earth-like orbit. Precise radial velocities of the young star iota Horologii = HR 810}",
  journal = {\aap},
 keywords = {STARS: PLANETARY SYSTEMS, STARS: INDIVIDUAL: IOTA HOR, STARS: ROTATION, TECHNIQUES: RADIAL VELOCITIES},
     year = 2000,
    month = jan,
   volume = 353,
    pages = {L33-L36},
   adsurl = {http://adsabs.harvard.edu/abs/2000A%26A...353L..33K},
  adsnote = {Provided by the SAO/NASA Astrophysics Data System}
}

@ARTICLE{Butler2001,
   author = {{Butler}, R.~P. and {Tinney}, C.~G. and {Marcy}, G.~W. and {Jones}, H.~R.~A. and 
	{Penny}, A.~J. and {Apps}, K.},
    title = "{Two New Planets from the Anglo-Australian Planet Search}",
  journal = {\apj},
 keywords = {Stars: Planetary Systems, stars: individual (HD 160691, HD 27442)},
     year = 2001,
    month = jul,
   volume = 555,
    pages = {410-417},
      doi = {10.1086/321467},
   adsurl = {http://adsabs.harvard.edu/abs/2001ApJ...555..410B},
  adsnote = {Provided by the SAO/NASA Astrophysics Data System}
}

@ARTICLE{Laymand2007,
   author = {{Laymand}, M. and {Vauclair}, S.},
    title = "{Asteroseismology of exoplanets host stars: the special case of {$\iota$} Horologii (HD 17051)}",
  journal = {\aap},
   eprint = {astro-ph/0610501},
 keywords = {stars: abundances, stars: oscillations, stars: planetary systems, Galaxy: kinematics and dynamics},
     year = 2007,
    month = feb,
   volume = 463,
    pages = {657-662},
      doi = {10.1051/0004-6361:20066083},
   adsurl = {http://adsabs.harvard.edu/abs/2007A%26A...463..657L},
  adsnote = {Provided by the SAO/NASA Astrophysics Data System}
}

@article{Byrne1981,
author = {Byrne, Patrick B.},
title = {Gliese 825 ? a new flare star},
journal = {Monthly Notices of the Royal Astronomical Society},
volume = {195},
number = {2},
pages = {143-147},
year = {1981},
doi = {10.1093/mnras/195.2.143},
URL = { + http://dx.doi.org/10.1093/mnras/195.2.143},
eprint = {}
}

@ARTICLE{Byrne1989,
   author = {{Byrne}, P.~B. and {Doyle}, J.~G.},
    title = "{Activity in late-type dwarfs. III - Chromospheric and transition region line fluxes for two dM stars}",
  journal = {\aap},
 keywords = {Dwarf Stars, Flare Stars, Late Stars, M Stars, Stellar Activity, Stellar Spectra, Chromosphere, Helium, Iue, Lyman Alpha Radiation, Stellar Rotation},
     year = 1989,
    month = jan,
   volume = 208,
    pages = {159-165},
   adsurl = {http://adsabs.harvard.edu/abs/1989A%26A...208..159B},
  adsnote = {Provided by the SAO/NASA Astrophysics Data System}
}

@ARTICLE{Young1987,
   author = {{Young}, A. and {Sadjadi}, S. and {Harlan}, E.},
    title = "{The incidence of close binaries among stars of low mass Astrophysical binaries}",
  journal = {\apj},
 keywords = {Binary Stars, Dwarf Stars, Stellar Motions, Late Stars, M Stars, Pleiades Cluster, Radial Velocity, Star Clusters, Stellar Spectra},
     year = 1987,
    month = mar,
   volume = 314,
    pages = {272-282},
      doi = {10.1086/165057},
   adsurl = {http://adsabs.harvard.edu/abs/1987ApJ...314..272Y},
  adsnote = {Provided by the SAO/NASA Astrophysics Data System}
}

@ARTICLE{Pace2013,
   author = {{Pace}, G.},
    title = "{Chromospheric activity as age indicator. An L-shaped chromospheric-activity versus age diagram}",
  journal = {\aap},
archivePrefix = "arXiv",
   eprint = {1301.5651},
 primaryClass = "astro-ph.SR",
 keywords = {stars: activity},
     year = 2013,
    month = mar,
   volume = 551,
      eid = {L8},
    pages = {L8},
      doi = {10.1051/0004-6361/201220364},
   adsurl = {http://cdsads.u-strasbg.fr/abs/2013A%26A...551L...8P},
  adsnote = {Provided by the SAO/NASA Astrophysics Data System}
}


@ARTICLE{Strassmeier1993,
   author = {{Strassmeier}, K.~G. and {Hall}, D.~S. and {Fekel}, F.~C. and 
	{Scheck}, M.},
    title = "{A catalog of chromospherically active binary stars (second edition)}",
  journal = {\aaps},
 keywords = {Astronomical Catalogs, Binary Stars, Chromosphere, Late Stars, Calcium, Emission Spectra, H Lines, Potassium, Stellar Atmospheres, Stellar Systems},
     year = 1993,
    month = jul,
   volume = 100,
    pages = {173-225},
   adsurl = {http://adsabs.harvard.edu/abs/1993A%26AS..100..173S},
  adsnote = {Provided by the SAO/NASA Astrophysics Data System}
}

@ARTICLE{Butler2017,
   author = {{Butler}, R.~P. and {Vogt}, S.~S. and {Laughlin}, G. and {Burt}, J.~A. and 
	{Rivera}, E.~J. and {Tuomi}, M. and {Teske}, J. and {Arriagada}, P. and 
	{Diaz}, M. and {Holden}, B. and {Keiser}, S.},
    title = "{The LCES HIRES/Keck Precision Radial Velocity Exoplanet Survey}",
  journal = {\aj},
archivePrefix = "arXiv",
   eprint = {1702.03571},
 primaryClass = "astro-ph.EP",
 keywords = {planetary systems},
     year = 2017,
    month = may,
   volume = 153,
      eid = {208},
    pages = {208},
      doi = {10.3847/1538-3881/aa66ca},
   adsurl = {http://adsabs.harvard.edu/abs/2017AJ....153..208B},
  adsnote = {Provided by the SAO/NASA Astrophysics Data System}
}

@ARTICLE{Hebrard2016,
   author = {{H{\'e}brard}, {\'E}.~M. and {Donati}, J.-F. and {Delfosse}, X. and 
	{Morin}, J. and {Moutou}, C. and {Boisse}, I.},
    title = "{Modelling the RV jitter of early-M dwarfs using tomographic imaging}",
  journal = {\mnras},
archivePrefix = "arXiv",
   eprint = {1606.01775},
 primaryClass = "astro-ph.SR",
 keywords = {line: profiles, techniques: polarimetric, techniques: radial velocities, magnetic fields, starspots},
     year = 2016,
    month = sep,
   volume = 461,
    pages = {1465-1497},
      doi = {10.1093/mnras/stw1346},
   adsurl = {http://adsabs.harvard.edu/abs/2016MNRAS.461.1465H},
  adsnote = {Provided by the SAO/NASA Astrophysics Data System}
}

@ARTICLE{vanBelle2009,
   author = {{van Belle}, G.~T. and {von Braun}, K.},
    title = "{Directly Determined Linear Radii and Effective Temperatures of Exoplanet Host Stars}",
  journal = {\apj},
archivePrefix = "arXiv",
   eprint = {0901.1206},
 primaryClass = "astro-ph.SR",
 keywords = {infrared: stars, stars: fundamental parameters, techniques: interferometric},
     year = 2009,
    month = apr,
   volume = 694,
    pages = {1085-1098},
      doi = {10.1088/0004-637X/694/2/1085},
   adsurl = {http://adsabs.harvard.edu/abs/2009ApJ...694.1085V},
  adsnote = {Provided by the SAO/NASA Astrophysics Data System}
}


@ARTICLE{Wenger2000,
   author = {{Wenger}, M. and {Ochsenbein}, F. and {Egret}, D. and {Dubois}, P. and 
	{Bonnarel}, F. and {Borde}, S. and {Genova}, F. and {Jasniewicz}, G. and 
	{Lalo{\"e}}, S. and {Lesteven}, S. and {Monier}, R.},
    title = "{The SIMBAD astronomical database. The CDS reference database for astronomical objects}",
  journal = {\aaps},
   eprint = {astro-ph/0002110},
 keywords = {ASTRONOMICAL DATA BASES: MISCELLANEOUS, CATALOGS},
     year = 2000,
    month = apr,
   volume = 143,
    pages = {9-22},
      doi = {10.1051/aas:2000332},
   adsurl = {http://adsabs.harvard.edu/abs/2000A%26AS..143....9W},
  adsnote = {Provided by the SAO/NASA Astrophysics Data System}
}

@ARTICLE{Ochsenbein2000,
   author = {{Ochsenbein}, F. and {Bauer}, P. and {Marcout}, J.},
    title = "{The VizieR database of astronomical catalogues}",
  journal = {\aaps},
   eprint = {astro-ph/0002122},
 keywords = {ASTRONOMICAL DATA BASES: MISCELLANEOUS, CATALOGS},
     year = 2000,
    month = apr,
   volume = 143,
    pages = {23-32},
      doi = {10.1051/aas:2000169},
   adsurl = {http://adsabs.harvard.edu/abs/2000A%26AS..143...23O},
  adsnote = {Provided by the SAO/NASA Astrophysics Data System}
}

@ARTICLE{Gaia2016,
   author = {{Gaia Collaboration} and {Brown}, A.~G.~A. and {Vallenari}, A. and 
	{Prusti}, T. and {de Bruijne}, J.~H.~J. and {Mignard}, F. and 
	{Drimmel}, R. and {Babusiaux}, C. and {Bailer-Jones}, C.~A.~L. and 
	{Bastian}, U. and et al.},
    title = "{Gaia Data Release 1. Summary of the astrometric, photometric, and survey properties}",
  journal = {\aap},
archivePrefix = "arXiv",
   eprint = {1609.04172},
 primaryClass = "astro-ph.IM",
 keywords = {catalogs, astrometry, parallaxes, proper motions, surveys},
     year = 2016,
    month = nov,
   volume = 595,
      eid = {A2},
    pages = {A2},
      doi = {10.1051/0004-6361/201629512},
   adsurl = {http://adsabs.harvard.edu/abs/2016A%26A...595A...2G},
  adsnote = {Provided by the SAO/NASA Astrophysics Data System}
}

@ARTICLE{Lindegren2016,
   author = {{Lindegren}, L. and {Lammers}, U. and {Bastian}, U. and {Hern{\'a}ndez}, J. and 
	{Klioner}, S. and {Hobbs}, D. and {Bombrun}, A. and {Michalik}, D. and 
	{Ramos-Lerate}, M. and {Butkevich}, A. and {Comoretto}, G. and 
	{Joliet}, E. and {Holl}, B. and {Hutton}, A. and {Parsons}, P. and 
	{Steidelm{\"u}ller}, H. and {Abbas}, U. and {Altmann}, M. and 
	{Andrei}, A. and {Anton}, S. and {Bach}, N. and {Barache}, C. and 
	{Becciani}, U. and {Berthier}, J. and {Bianchi}, L. and {Biermann}, M. and 
	{Bouquillon}, S. and {Bourda}, G. and {Br{\"u}semeister}, T. and 
	{Bucciarelli}, B. and {Busonero}, D. and {Carlucci}, T. and 
	{Casta{\~n}eda}, J. and {Charlot}, P. and {Clotet}, M. and {Crosta}, M. and 
	{Davidson}, M. and {de Felice}, F. and {Drimmel}, R. and {Fabricius}, C. and 
	{Fienga}, A. and {Figueras}, F. and {Fraile}, E. and {Gai}, M. and 
	{Garralda}, N. and {Geyer}, R. and {Gonz{\'a}lez-Vidal}, J.~J. and 
	{Guerra}, R. and {Hambly}, N.~C. and {Hauser}, M. and {Jordan}, S. and 
	{Lattanzi}, M.~G. and {Lenhardt}, H. and {Liao}, S. and {L{\"o}ffler}, W. and 
	{McMillan}, P.~J. and {Mignard}, F. and {Mora}, A. and {Morbidelli}, R. and 
	{Portell}, J. and {Riva}, A. and {Sarasso}, M. and {Serraller}, I. and 
	{Siddiqui}, H. and {Smart}, R. and {Spagna}, A. and {Stampa}, U. and 
	{Steele}, I. and {Taris}, F. and {Torra}, J. and {van Reeven}, W. and 
	{Vecchiato}, A. and {Zschocke}, S. and {de Bruijne}, J. and 
	{Gracia}, G. and {Raison}, F. and {Lister}, T. and {Marchant}, J. and 
	{Messineo}, R. and {Soffel}, M. and {Osorio}, J. and {de Torres}, A. and 
	{O'Mullane}, W.},
    title = "{Gaia Data Release 1. Astrometry: one billion positions, two million proper motions and parallaxes}",
  journal = {\aap},
archivePrefix = "arXiv",
   eprint = {1609.04303},
 keywords = {astrometry, parallaxes, proper motions, methods: data analysis, space vehicles: instruments, reference systems},
     year = 2016,
    month = nov,
   volume = 595,
      eid = {A4},
    pages = {A4},
      doi = {10.1051/0004-6361/201628714},
   adsurl = {http://adsabs.harvard.edu/abs/2016A%26A...595A...4L},
  adsnote = {Provided by the SAO/NASA Astrophysics Data System}
}

@ARTICLE{Shapiro2016,
   author = {{Shapiro}, A.~I. and {Solanki}, S.~K. and {Krivova}, N.~A. and 
	{Yeo}, K.~L. and {Schmutz}, W.~K.},
    title = "{Are solar brightness variations faculae- or spot-dominated?}",
  journal = {\aap},
archivePrefix = "arXiv",
   eprint = {1602.04447},
 primaryClass = "astro-ph.SR",
 keywords = {stars: solar-type, starspots, Sun: activity, Sun: faculae, plages, stars: variables: general},
     year = 2016,
    month = may,
   volume = 589,
      eid = {A46},
    pages = {A46},
      doi = {10.1051/0004-6361/201527527},
   adsurl = {http://adsabs.harvard.edu/abs/2016A%26A...589A..46S},
  adsnote = {Provided by the SAO/NASA Astrophysics Data System}
}

@ARTICLE{Howard2014,
   author = {{Howard}, A.~W. and {Marcy}, G.~W. and {Fischer}, D.~A. and 
	{Isaacson}, H. and {Muirhead}, P.~S. and {Henry}, G.~W. and 
	{Boyajian}, T.~S. and {von Braun}, K. and {Becker}, J.~C. and 
	{Wright}, J.~T. and {Johnson}, J.~A.},
    title = "{The NASA-UC-UH ETA-Earth Program. IV. A Low-mass Planet Orbiting an M Dwarf 3.6 PC from Earth}",
  journal = {\apj},
archivePrefix = "arXiv",
   eprint = {1408.5645},
 primaryClass = "astro-ph.EP",
 keywords = {planetary systems, stars: individual: Gliese 15 A, techniques: radial velocities},
     year = 2014,
    month = oct,
   volume = 794,
      eid = {51},
    pages = {51},
      doi = {10.1088/0004-637X/794/1/51},
   adsurl = {http://adsabs.harvard.edu/abs/2014ApJ...794...51H},
  adsnote = {Provided by the SAO/NASA Astrophysics Data System}
}

@ARTICLE{Mascareno2017,
   author = {{Su{\'a}rez Mascare{\~n}o}, A. and {Gonz{\'a}lez Hern{\'a}ndez}, J.~I. and 
	{Rebolo}, R. and {Velasco}, S. and {Toledo-Padr{\'o}n}, B. and 
	{Affer}, L. and {Perger}, M. and {Micela}, G. and {Ribas}, I. and 
	{Maldonado}, J. and {Leto}, G. and {Zanmar Sanchez}, R. and 
	{Scandariato}, G. and {Damasso}, M. and {Sozzetti}, A. and {Esposito}, M. and 
	{Covino}, E. and {Maggio}, A. and {Lanza}, A.~F. and {Desidera}, S. and 
	{Rosich}, A. and {Bignamini}, A. and {Claudi}, R. and {Benatti}, S. and 
	{Borsa}, F. and {Pedani}, M. and {Molinari}, E. and {Morales}, J.~C. and 
	{Herrero}, E. and {Lafarga}, M.},
    title = "{HADES RV Programme with HARPS-N at TNG. V. A super-Earth on the inner edge of the habitable zone of the nearby M dwarf GJ 625}",
  journal = {\aap},
archivePrefix = "arXiv",
   eprint = {1705.06537},
 primaryClass = "astro-ph.EP",
 keywords = {planetary systems, techniques: radial velocities, stars: activity, stars: chromospheres, stars: individual: GJ 625, planets and satellites: detection},
     year = 2017,
    month = sep,
   volume = 605,
      eid = {A92},
    pages = {A92},
      doi = {10.1051/0004-6361/201730957},
   adsurl = {http://adsabs.harvard.edu/abs/2017A%26A...605A..92S},
  adsnote = {Provided by the SAO/NASA Astrophysics Data System}
}

@ARTICLE{Buccino2011,
   author = {{Buccino}, A.~P. and {D{\'{\i}}az}, R.~F. and {Luoni}, M.~L. and 
	{Abrevaya}, X.~C. and {Mauas}, P.~J.~D.},
    title = "{Long-term Chromospheric Activity in Southern M Dwarfs: Gl 229 a and Gl 752 A}",
  journal = {\aj},
archivePrefix = "arXiv",
   eprint = {1011.1137},
 primaryClass = "astro-ph.SR",
 keywords = {stars: activity, stars: late-type, techniques: photometric, techniques: spectroscopic},
     year = 2011,
    month = feb,
   volume = 141,
      eid = {34},
    pages = {34},
      doi = {10.1088/0004-6256/141/2/34},
   adsurl = {http://adsabs.harvard.edu/abs/2011AJ....141...34B},
  adsnote = {Provided by the SAO/NASA Astrophysics Data System}
}

@ARTICLE{Houdebine2010,
   author = {{Houdebine}, E.~R.},
    title = "{Observation and modelling of main-sequence star chromospheres . IX. Two-component model chromospheres for nine M1 dwarfs}",
  journal = {\aap},
 keywords = {line: formation, radiative transfer, stars: activity, stars: low-mass, stars:, chromospheres, stars: late-type},
     year = 2010,
    month = jan,
   volume = 509,
      eid = {A65},
    pages = {A65},
      doi = {10.1051/0004-6361/200811602},
   adsurl = {http://adsabs.harvard.edu/abs/2010A%26A...509A..65H},
  adsnote = {Provided by the SAO/NASA Astrophysics Data System}
}

@ARTICLE{Byrne1985,
   author = {{Byrne}, P.~B. and {Doyle}, J.~G. and {Menzies}, J.~W.},
    title = "{Optical photometry and spectroscopy of the flare star Gliese 229 ( = HD42581)}",
  journal = {\mnras},
 keywords = {Flare Stars, Optical Emission Spectroscopy, Starspots, Stellar Spectrophotometry, Balmer Series, Chromosphere, Color-Magnitude Diagram, Emission Spectra, Light Curve, Radiative Transfer, Spectral Energy Distribution, Stellar Activity, Ubv Spectra, Visible Spectrum, X Ray Spectra},
     year = 1985,
    month = may,
   volume = 214,
    pages = {119-130},
      doi = {10.1093/mnras/214.2.119},
   adsurl = {http://adsabs.harvard.edu/abs/1985MNRAS.214..119B},
  adsnote = {Provided by the SAO/NASA Astrophysics Data System}
}


@ARTICLE{Nakajima1995,
   author = {{Nakajima}, T. and {Oppenheimer}, B.~R. and {Kulkarni}, S.~R. and 
	{Golimowski}, D.~A. and {Matthews}, K. and {Durrance}, S.~T.
	},
    title = "{Discovery of a cool brown dwarf}",
  journal = {\nat},
     year = 1995,
    month = nov,
   volume = 378,
    pages = {463-465},
      doi = {10.1038/378463a0},
   adsurl = {http://adsabs.harvard.edu/abs/1995Natur.378..463N},
  adsnote = {Provided by the SAO/NASA Astrophysics Data System}
}

@ARTICLE{Chiavassa2011,
   author = {{Chiavassa}, A. and {Pasquato}, E. and {Jorissen}, A. and {Sacuto}, S. and 
	{Babusiaux}, C. and {Freytag}, B. and {Ludwig}, H.-G. and {Cruzal{\`e}bes}, P. and 
	{Rabbia}, Y. and {Spang}, A. and {Chesneau}, O.},
    title = "{Radiative hydrodynamic simulations of red supergiant stars. III. Spectro-photocentric variability, photometric variability, and consequences on Gaia measurements}",
  journal = {\aap},
archivePrefix = "arXiv",
   eprint = {1012.5234},
 primaryClass = "astro-ph.SR",
 keywords = {stars: atmospheres, supergiants, astrometry, parallaxes, hydrodynamics, stars: individual: Betelgeuse},
     year = 2011,
    month = apr,
   volume = 528,
      eid = {A120},
    pages = {A120},
      doi = {10.1051/0004-6361/201015768},
   adsurl = {http://adsabs.harvard.edu/abs/2011A%26A...528A.120C},
  adsnote = {Provided by the SAO/NASA Astrophysics Data System}
}

@ARTICLE{Takeda2007,
   author = {{Takeda}, G. and {Ford}, E.~B. and {Sills}, A. and {Rasio}, F.~A. and 
	{Fischer}, D.~A. and {Valenti}, J.~A.},
    title = "{Structure and Evolution of Nearby Stars with Planets. II. Physical Properties of \~{}1000 Cool Stars from the SPOCS Catalog}",
  journal = {\apjs},
   eprint = {astro-ph/0607235},
 keywords = {Stars: Planetary Systems, Stars: Fundamental Parameters, Stars: Interiors},
     year = 2007,
    month = feb,
   volume = 168,
    pages = {297-318},
      doi = {10.1086/509763},
   adsurl = {http://adsabs.harvard.edu/abs/2007ApJS..168..297T},
  adsnote = {Provided by the SAO/NASA Astrophysics Data System}
}


@ARTICLE{Lanza2008,
   author = {{Lanza}, A.~F. and {De Martino}, C. and {Rodon{\`o}}, M.},
    title = "{Astrometric effects of solar-like magnetic activity in late-type stars and their relevance for the detection of extrasolar planets}",
  journal = {\na},
archivePrefix = "arXiv",
   eprint = {0706.2942},
 keywords = {Astrometry and reference systems, Stellar activity, Surface features, Substellar companions, planets},
     year = 2008,
    month = feb,
   volume = 13,
    pages = {77-84},
      doi = {10.1016/j.newast.2007.06.009},
   adsurl = {http://adsabs.harvard.edu/abs/2008NewA...13...77L},
  adsnote = {Provided by the SAO/NASA Astrophysics Data System}
}

@ARTICLE{Zerjal2013,
   author = {{{\v Z}erjal}, M. and {Zwitter}, T. and {Matijevi{\v c}}, G. and 
	{Strassmeier}, K.~G. and {Bienaym{\'e}}, O. and {Bland-Hawthorn}, J. and 
	{Boeche}, C. and {Freeman}, K.~C. and {Grebel}, E.~K. and {Kordopatis}, G. and 
	{Munari}, U. and {Navarro}, J.~F. and {Parker}, Q.~A. and {Reid}, W. and 
	{Seabroke}, G. and {Siviero}, A. and {Steinmetz}, M. and {Wyse}, R.~F.~G.
	},
    title = "{Chromospherically Active Stars in the RAdial Velocity Experiment (RAVE) Survey. I. The Catalog}",
  journal = {\apj},
archivePrefix = "arXiv",
   eprint = {1309.4274},
 primaryClass = "astro-ph.SR",
 keywords = {stars: activity, stars: emission-line, Be },
     year = 2013,
    month = oct,
   volume = 776,
      eid = {127},
    pages = {127},
      doi = {10.1088/0004-637X/776/2/127},
   adsurl = {http://adsabs.harvard.edu/abs/2013ApJ...776..127Z},
  adsnote = {Provided by the SAO/NASA Astrophysics Data System}
}

@ARTICLE{Robertson2016,
   author = {{Robertson}, P. and {Bender}, C. and {Mahadevan}, S. and {Roy}, A. and 
	{Ramsey}, L.~W.},
    title = "{Proxima Centauri as a Benchmark for Stellar Activity Indicators in the Near-infrared}",
  journal = {\apj},
archivePrefix = "arXiv",
   eprint = {1608.06291},
 primaryClass = "astro-ph.SR",
 keywords = {stars: activity, stars: individual: Proxima Centauri, techniques: radial velocities, techniques: spectroscopic},
     year = 2016,
    month = dec,
   volume = 832,
      eid = {112},
    pages = {112},
      doi = {10.3847/0004-637X/832/2/112},
   adsurl = {http://adsabs.harvard.edu/abs/2016ApJ...832..112R},
  adsnote = {Provided by the SAO/NASA Astrophysics Data System}
}


@ARTICLE{Martin2017,
   author = {{Martin}, J. and {Fuhrmeister}, B. and {Mittag}, M. and {Schmidt}, T.~O.~B. and 
	{Hempelmann}, A. and {Gonz{\'a}lez-P{\'e}rez}, J.~N. and {Schmitt}, J.~H.~M.~M.
	},
    title = "{The Ca II infrared triplet's performance as an activity indicator compared to Ca II H and K. Empirical relations to convert Ca II infrared triplet measurements to common activity indices}",
  journal = {\aap},
 keywords = {stars: activity, stars: chromospheres, stars: magnetic field, stars: atmospheres},
     year = 2017,
    month = sep,
   volume = 605,
      eid = {A113},
    pages = {A113},
      doi = {10.1051/0004-6361/201630298},
   adsurl = {http://adsabs.harvard.edu/abs/2017A%26A...605A.113M},
  adsnote = {Provided by the SAO/NASA Astrophysics Data System}
}

@ARTICLE{BoroSaikia2016,
   author = {{Boro Saikia}, S. and {Jeffers}, S.~V. and {Morin}, J. and {Petit}, P. and 
	{Folsom}, C.~P. and {Marsden}, S.~C. and {Donati}, J.-F. and 
	{Cameron}, R. and {Hall}, J.~C. and {Perdelwitz}, V. and {Reiners}, A. and 
	{Vidotto}, A.~A.},
    title = "{A solar-like magnetic cycle on the mature K-dwarf 61 Cygni A (HD 201091)}",
  journal = {\aap},
archivePrefix = "arXiv",
   eprint = {1606.01032},
 primaryClass = "astro-ph.SR",
 keywords = {dynamo, stars: activity, stars: chromospheres, stars: magnetic field, stars: solar-type},
     year = 2016,
    month = oct,
   volume = 594,
      eid = {A29},
    pages = {A29},
      doi = {10.1051/0004-6361/201628262},
   adsurl = {http://adsabs.harvard.edu/abs/2016A%26A...594A..29B},
  adsnote = {Provided by the SAO/NASA Astrophysics Data System}
}

@ARTICLE{Andretta2005,
   author = {{Andretta}, V. and {Bus{\`a}}, I. and {Gomez}, M.~T. and {Terranegra}, L.
	},
    title = "{The Ca II Infrared Triplet as a stellar activity diagnostic . I. Non-LTE photospheric profiles and definition of the R$_{IRT}$ indicator}",
  journal = {\aap},
 keywords = {stars: atmospheres, stars: activity, radiative transfer, line: formation, line: profiles, stars: late-type},
     year = 2005,
    month = feb,
   volume = 430,
    pages = {669-677},
      doi = {10.1051/0004-6361:20041745},
   adsurl = {http://adsabs.harvard.edu/abs/2005A%26A...430..669A},
  adsnote = {Provided by the SAO/NASA Astrophysics Data System}
}

@ARTICLE{Busa2007,
   author = {{Bus{\`a}}, I. and {Aznar Cuadrado}, R. and {Terranegra}, L. and 
	{Andretta}, V. and {Gomez}, M.~T.},
    title = "{The Ca II infrared triplet as a stellar activity diagnostic. II. Test and calibration with high resolution observations}",
  journal = {\aap},
 keywords = {stars: atmospheres, radiative transfer, line: formation, stars: chromospheres, stars: activity},
     year = 2007,
    month = may,
   volume = 466,
    pages = {1089-1098},
      doi = {10.1051/0004-6361:20065588},
   adsurl = {http://adsabs.harvard.edu/abs/2007A%26A...466.1089B},
  adsnote = {Provided by the SAO/NASA Astrophysics Data System}
}


@ARTICLE{Chmielewski2000,
   author = {{Chmielewski}, Y.},
    title = "{The infrared triplet lines of ionized calcium as a diagnostic tool for F, G, K-type stellar atmospheres}",
  journal = {\aap},
 keywords = {LINE: PROFILES, RADIATIVE TRANSFER, STARS: FUNDAMENTAL PARAMETERS, STARS: LATE-TYPE},
     year = 2000,
    month = jan,
   volume = 353,
    pages = {666-690},
   adsurl = {http://adsabs.harvard.edu/abs/2000A%26A...353..666C},
  adsnote = {Provided by the SAO/NASA Astrophysics Data System}
}

@ARTICLE{Cauzzi2008,
   author = {{Cauzzi}, G. and {Reardon}, K.~P. and {Uitenbroek}, H. and {Cavallini}, F. and 
	{Falchi}, A. and {Falciani}, R. and {Janssen}, K. and {Rimmele}, T. and 
	{Vecchio}, A. and {W{\"o}ger}, F.},
    title = "{The solar chromosphere at high resolution with IBIS. I. New insights from the Ca II 854.2 nm line}",
  journal = {\aap},
archivePrefix = "arXiv",
   eprint = {0709.2417},
 keywords = {Sun: chromosphere, Sun: magnetic fields, instrumentation: high angular, resolution, instrumentation: interferometers},
     year = 2008,
    month = mar,
   volume = 480,
    pages = {515-526},
      doi = {10.1051/0004-6361:20078642},
   adsurl = {http://adsabs.harvard.edu/abs/2008A%26A...480..515C},
  adsnote = {Provided by the SAO/NASA Astrophysics Data System}
}

@ARTICLE{Cenarro2001,
   author = {{Cenarro}, A.~J. and {Cardiel}, N. and {Gorgas}, J. and {Peletier}, R.~F. and 
	{Vazdekis}, A. and {Prada}, F.},
    title = "{Empirical calibration of the near-infrared Ca ii triplet - I. The stellar library and index definition}",
  journal = {\mnras},
   eprint = {astro-ph/0109157},
 keywords = {STARS: ABUNDANCES, STARS: FUNDAMENTAL PARAMETERS, GLOBULAR CLUSTERS: GENERAL, GALAXIES: STELLAR CONTENT},
     year = 2001,
    month = sep,
   volume = 326,
    pages = {959-980},
      doi = {10.1046/j.1365-8711.2001.04688.x},
   adsurl = {http://adsabs.harvard.edu/abs/2001MNRAS.326..959C},
  adsnote = {Provided by the SAO/NASA Astrophysics Data System}
}

@ARTICLE{Morris2017a,
   author = {{Morris}, B.~M. and {Hebb}, L. and {Davenport}, J.~R.~A. and 
	{Rohn}, G. and {Hawley}, S.~L.},
    title = "{The Starspots of HAT-P-11: Evidence for a Solar-like Dynamo}",
  journal = {\apj},
archivePrefix = "arXiv",
   eprint = {1708.02583},
 primaryClass = "astro-ph.SR",
 keywords = {stars: activity, stars: magnetic field, starspots, sunspots },
     year = 2017,
    month = sep,
   volume = 846,
      eid = {99},
    pages = {99},
      doi = {10.3847/1538-4357/aa8555},
   adsurl = {http://adsabs.harvard.edu/abs/2017ApJ...846...99M},
  adsnote = {Provided by the SAO/NASA Astrophysics Data System}
}

@ARTICLE{Morris2017b,
   author = {{Morris}, B.~M. and {Hawley}, S.~L. and {Hebb}, L. and {Sakari}, C. and 
	{Davenport}, J.~R.~A. and {Isaacson}, H. and {Howard}, A.~W. and 
	{Montet}, B.~T. and {Agol}, E.},
    title = "{Chromospheric Activity of HAT-P-11: An Unusually Active Planet-hosting K Star}",
  journal = {\apj},
archivePrefix = "arXiv",
   eprint = {1709.03913},
 primaryClass = "astro-ph.SR",
 keywords = {methods: observational, planet{\ndash}star interactions, stars: activity, stars: chromospheres, starspots},
     year = 2017,
    month = oct,
   volume = 848,
      eid = {58},
    pages = {58},
      doi = {10.3847/1538-4357/aa8cca},
   adsurl = {http://adsabs.harvard.edu/abs/2017ApJ...848...58M},
  adsnote = {Provided by the SAO/NASA Astrophysics Data System}
}

@ARTICLE{Gaia2016b,
   author = {{Gaia Collaboration} and {Prusti}, T. and {de Bruijne}, J.~H.~J. and 
	{Brown}, A.~G.~A. and {Vallenari}, A. and {Babusiaux}, C. and 
	{Bailer-Jones}, C.~A.~L. and {Bastian}, U. and {Biermann}, M. and 
	{Evans}, D.~W. and et al.},
    title = "{The Gaia mission}",
  journal = {\aap},
archivePrefix = "arXiv",
   eprint = {1609.04153},
 primaryClass = "astro-ph.IM",
 keywords = {space vehicles: instruments, Galaxy: structure, astrometry, parallaxes, proper motions, telescopes},
     year = 2016,
    month = nov,
   volume = 595,
      eid = {A1},
    pages = {A1},
      doi = {10.1051/0004-6361/201629272},
   adsurl = {http://adsabs.harvard.edu/abs/2016A%26A...595A...1G},
  adsnote = {Provided by the SAO/NASA Astrophysics Data System}
}

@ARTICLE{Maehara2012,
   author = {{Maehara}, H. and {Shibayama}, T. and {Notsu}, S. and {Notsu}, Y. and 
	{Nagao}, T. and {Kusaba}, S. and {Honda}, S. and {Nogami}, D. and 
	{Shibata}, K.},
    title = "{Superflares on solar-type stars}",
  journal = {\nat},
     year = 2012,
    month = may,
   volume = 485,
    pages = {478-481},
      doi = {10.1038/nature11063},
   adsurl = {http://adsabs.harvard.edu/abs/2012Natur.485..478M},
  adsnote = {Provided by the SAO/NASA Astrophysics Data System}
}

@ARTICLE{Maehara2017,
   author = {{Maehara}, H. and {Notsu}, Y. and {Notsu}, S. and {Namekata}, K. and 
	{Honda}, S. and {Ishii}, T.~T. and {Nogami}, D. and {Shibata}, K.
	},
    title = "{Starspot activity and superflares on solar-type stars}",
  journal = {\pasj},
archivePrefix = "arXiv",
   eprint = {1702.07141},
 primaryClass = "astro-ph.SR",
 keywords = {stars: activity, stars: flare, stars: solar-type, stars: starspots},
     year = 2017,
    month = jun,
   volume = 69,
      eid = {41},
    pages = {41},
      doi = {10.1093/pasj/psx013},
   adsurl = {http://adsabs.harvard.edu/abs/2017PASJ...69...41M},
  adsnote = {Provided by the SAO/NASA Astrophysics Data System}
}

@ARTICLE{Karoff2016,
   author = {{Karoff}, C. and {Knudsen}, M.~F. and {De Cat}, P. and {Bonanno}, A. and 
	{Fogtmann-Schulz}, A. and {Fu}, J. and {Frasca}, A. and {Inceoglu}, F. and 
	{Olsen}, J. and {Zhang}, Y. and {Hou}, Y. and {Wang}, Y. and 
	{Shi}, J. and {Zhang}, W.},
    title = "{Observational evidence for enhanced magnetic activity of superflare stars}",
  journal = {Nature Communications},
     year = 2016,
    month = mar,
   volume = 7,
      eid = {11058},
    pages = {11058},
      doi = {10.1038/ncomms11058},
   adsurl = {http://adsabs.harvard.edu/abs/2016NatCo...711058K},
  adsnote = {Provided by the SAO/NASA Astrophysics Data System}
}

@ARTICLE{Notsu2015a,
   author = {{Notsu}, Y. and {Honda}, S. and {Maehara}, H. and {Notsu}, S. and 
	{Shibayama}, T. and {Nogami}, D. and {Shibata}, K.},
    title = "{High dispersion spectroscopy of solar-type superflare stars. II. Stellar rotation, starspots, and chromospheric activities}",
  journal = {\pasj},
archivePrefix = "arXiv",
   eprint = {1412.8245},
 primaryClass = "astro-ph.SR",
 keywords = {stars: activity, stars: flare, stars: rotation, stars: solar-type, starspots},
     year = 2015,
    month = jun,
   volume = 67,
      eid = {33},
    pages = {33},
      doi = {10.1093/pasj/psv002},
   adsurl = {http://adsabs.harvard.edu/abs/2015PASJ...67...33N},
  adsnote = {Provided by the SAO/NASA Astrophysics Data System}
}

@ARTICLE{Notsu2015b,
   author = {{Notsu}, Y. and {Honda}, S. and {Maehara}, H. and {Notsu}, S. and 
	{Shibayama}, T. and {Nogami}, D. and {Shibata}, K.},
    title = "{High dispersion spectroscopy of solar-type superflare stars. I. Temperature, surface gravity, metallicity, and vsin i}",
  journal = {\pasj},
archivePrefix = "arXiv",
   eprint = {1412.8243},
 primaryClass = "astro-ph.SR",
 keywords = {stars: abundances, stars: activity, stars: flare, stars: rotation, stars: solar-type},
     year = 2015,
    month = jun,
   volume = 67,
      eid = {32},
    pages = {32},
      doi = {10.1093/pasj/psv001},
   adsurl = {http://adsabs.harvard.edu/abs/2015PASJ...67...32N},
  adsnote = {Provided by the SAO/NASA Astrophysics Data System}
}

@ARTICLE{Notsu2013,
   author = {{Notsu}, Y. and {Shibayama}, T. and {Maehara}, H. and {Notsu}, S. and 
	{Nagao}, T. and {Honda}, S. and {Ishii}, T.~T. and {Nogami}, D. and 
	{Shibata}, K.},
    title = "{Superflares on Solar-type Stars Observed with Kepler II. Photometric Variability of Superflare-generating Stars: A Signature of Stellar Rotation and Starspots}",
  journal = {\apj},
archivePrefix = "arXiv",
   eprint = {1304.7361},
 primaryClass = "astro-ph.SR",
 keywords = {stars: activity, stars: flare, stars: rotation, stars: solar-type, starspots },
     year = 2013,
    month = jul,
   volume = 771,
      eid = {127},
    pages = {127},
      doi = {10.1088/0004-637X/771/2/127},
   adsurl = {http://adsabs.harvard.edu/abs/2013ApJ...771..127N},
  adsnote = {Provided by the SAO/NASA Astrophysics Data System}
}


@ARTICLE{Shibayama2013,
   author = {{Shibayama}, T. and {Maehara}, H. and {Notsu}, S. and {Notsu}, Y. and 
	{Nagao}, T. and {Honda}, S. and {Ishii}, T.~T. and {Nogami}, D. and 
	{Shibata}, K.},
    title = "{Superflares on Solar-type Stars Observed with Kepler. I. Statistical Properties of Superflares}",
  journal = {\apjs},
archivePrefix = "arXiv",
   eprint = {1308.1480},
 primaryClass = "astro-ph.SR",
 keywords = {stars: activity, stars: flare, stars: rotation, stars: solar-type, starspots},
     year = 2013,
    month = nov,
   volume = 209,
      eid = {5},
    pages = {5},
      doi = {10.1088/0067-0049/209/1/5},
   adsurl = {http://adsabs.harvard.edu/abs/2013ApJS..209....5S},
  adsnote = {Provided by the SAO/NASA Astrophysics Data System}
}

@ARTICLE{McQuillan2014,
   author = {{McQuillan}, A. and {Mazeh}, T. and {Aigrain}, S.},
    title = "{Rotation Periods of 34,030 Kepler Main-sequence Stars: The Full Autocorrelation Sample}",
  journal = {\apjs},
archivePrefix = "arXiv",
   eprint = {1402.5694},
 primaryClass = "astro-ph.SR",
 keywords = {catalogs, methods: data analysis, methods: observational, stars: activity, stars: low-mass, stars: rotation, techniques: photometric},
     year = 2014,
    month = apr,
   volume = 211,
      eid = {24},
    pages = {24},
      doi = {10.1088/0067-0049/211/2/24},
   adsurl = {http://cdsads.u-strasbg.fr/abs/2014ApJS..211...24M},
  adsnote = {Provided by the SAO/NASA Astrophysics Data System}
}

@ARTICLE{Mathur2017,
   author = {{Mathur}, S. and {Huber}, D. and {Batalha}, N.~M. and {Ciardi}, D.~R. and 
	{Bastien}, F.~A. and {Bieryla}, A. and {Buchhave}, L.~A. and 
	{Cochran}, W.~D. and {Endl}, M. and {Esquerdo}, G.~A. and {Furlan}, E. and 
	{Howard}, A. and {Howell}, S.~B. and {Isaacson}, H. and {Latham}, D.~W. and 
	{MacQueen}, P.~J. and {Silva}, D.~R.},
    title = "{Revised Stellar Properties of Kepler Targets for the Q1-17 (DR25) Transit Detection Run}",
  journal = {\apjs},
archivePrefix = "arXiv",
   eprint = {1609.04128},
 primaryClass = "astro-ph.SR",
 keywords = {catalogs, planetary systems, stars: distances, stars: evolution, stars: fundamental parameters},
     year = 2017,
    month = apr,
   volume = 229,
      eid = {30},
    pages = {30},
      doi = {10.3847/1538-4365/229/2/30},
   adsurl = {http://cdsads.u-strasbg.fr/abs/2017ApJS..229...30M},
  adsnote = {Provided by the SAO/NASA Astrophysics Data System}
}

@INPROCEEDINGS{Sahlmann2016,
   author = {{Sahlmann}, J. and {Mart{\'{\i}}n-Fleitas}, J. and {Mora}, A. and 
	{Abreu}, A. and {Crowley}, C.~M. and {Joliet}, E.},
    title = "{Enabling science with Gaia observations of naked-eye stars}",
booktitle = {Space Telescopes and Instrumentation 2016: Optical, Infrared, and Millimeter Wave},
     year = 2016,
   series = {\procspie},
   volume = 9904,
archivePrefix = "arXiv",
   eprint = {1605.08347},
 primaryClass = "astro-ph.IM",
    month = jul,
      eid = {99042E},
    pages = {99042E},
      doi = {10.1117/12.2231240},
   adsurl = {http://adsabs.harvard.edu/abs/2016SPIE.9904E..2ES},
  adsnote = {Provided by the SAO/NASA Astrophysics Data System}
}

@proceeding{Martin-Fleitas2014,
author = { {Martin-Fleitas},J.  and {Sahlmann},A. and {Mora},R. and {Kohley},B. and {Massart},J.  {L'Hermitte},M. and {Le Roy},P. and {Paulet}},
title = {Enabling Gaia observations of naked-eye stars},
journal = {Proc.SPIE},
volume = {9143},
number = {},
pages = {9143 - 9143 - 12},
year = {2014},
doi = {10.1117/12.2056325},
URL = {http://dx.doi.org/10.1117/12.2056325},
eprint = {}
}

@ARTICLE{Radick1990,
   author = {{Radick}, R.~R. and {Lockwood}, G.~W. and {Baliunas}, S.~L.},
    title = "{Stellar activity and brightness variations - A glimpse at the sun's history}",
  journal = {Science},
 keywords = {Brightness Distribution, Solar Activity, Stellar Evolution, Stellar Luminosity, Sunspot Cycle, Nimbus 7 Satellite, Solar Cycles, Solar Magnetic Field, Solar Maximum Mission, Stellar Magnetic Fields},
     year = 1990,
    month = jan,
   volume = 247,
    pages = {39-44},
      doi = {10.1126/science.247.4938.39},
   adsurl = {http://adsabs.harvard.edu/abs/1990Sci...247...39R},
  adsnote = {Provided by the SAO/NASA Astrophysics Data System}
}

@ARTICLE{Radick1998,
   author = {{Radick}, R.~R. and {Lockwood}, G.~W. and {Skiff}, B.~A. and 
	{Baliunas}, S.~L.},
    title = "{Patterns of Variation among Sun-like Stars}",
  journal = {\apjs},
 keywords = {STARS: ACTIVITY, STARS: LATE-TYPE, STARS: VARIABLES: OTHER, Stars: Activity, Stars: Late-Type, Stars: Variables: Other},
     year = 1998,
    month = sep,
   volume = 118,
    pages = {239-258},
      doi = {10.1086/313135},
   adsurl = {http://adsabs.harvard.edu/abs/1998ApJS..118..239R},
  adsnote = {Provided by the SAO/NASA Astrophysics Data System}
}

@MISC{rodrigo2012,
   author = {{Rodrigo}, C. and {Solano}, E. and {Bayo}, A.},
    title = "{SVO Filter Profile Service Version 1.0}",
howpublished = {IVOA Working Draft 15 October 2012},
     year = 2012,
    month = oct,
   editor = {{Rodrigo}, C.},
   adsurl = {http://adsabs.harvard.edu/abs/2012ivoa.rept.1015R},
  adsnote = {Provided by the SAO/NASA Astrophysics Data System}
}

@ARTICLE{Berdyugina2005,
   author = {{Berdyugina}, S.~V.},
    title = "{Starspots: A Key to the Stellar Dynamo}",
  journal = {Living Reviews in Solar Physics},
 keywords = {starspots, sunspots, stellar magnetic fields, stellar cycles, dynamo, differential rotation, Doppler imaging},
     year = 2005,
    month = dec,
   volume = 2,
      eid = {8},
    pages = {8},
      doi = {10.12942/lrsp-2005-8},
   adsurl = {http://adsabs.harvard.edu/abs/2005LRSP....2....8B},
  adsnote = {Provided by the SAO/NASA Astrophysics Data System}
}

@ARTICLE{Pecaut2013,
   author = {{Pecaut}, M.~J. and {Mamajek}, E.~E.},
    title = "{Intrinsic Colors, Temperatures, and Bolometric Corrections of Pre-main-sequence Stars}",
  journal = {\apjs},
archivePrefix = "arXiv",
   eprint = {1307.2657},
 primaryClass = "astro-ph.SR",
 keywords = {open clusters and associations: individual: {$\eta$} Cha cluster TW Hydra Association {$\beta$} Pic Moving Group Tucana-Horologium Association, stars: fundamental parameters, stars: pre-main sequence},
     year = 2013,
    month = sep,
   volume = 208,
      eid = {9},
    pages = {9},
      doi = {10.1088/0067-0049/208/1/9},
   adsurl = {http://adsabs.harvard.edu/abs/2013ApJS..208....9P},
  adsnote = {Provided by the SAO/NASA Astrophysics Data System}
}
