 @ARTICLE{Mukadam2011,
   author = {{Mukadam}, A.~S. and {Owen}, R. and {Mannery}, E. and {MacDonald}, N. and 
	{Williams}, B. and {Stauffer}, F. and {Miller}, C.},
    title = "{High-Speed Time-Series CCD Photometry with Agile}",
  journal = {\pasp},
     year = 2011,
    month = dec,
   volume = 123,
    pages = {1423-1433},
      doi = {10.1086/663725},
   adsurl = {http://adsabs.harvard.edu/abs/2011PASP..123.1423M},
  adsnote = {Provided by the SAO/NASA Astrophysics Data System}
}

@ARTICLE{Batalha2013,
   author = {{Batalha}, N.~M. and {Rowe}, J.~F. and {Bryson}, S.~T. and {Barclay}, T. and 
	{Burke}, C.~J. and {Caldwell}, D.~A. and {Christiansen}, J.~L. and 
	{Mullally}, F. and {Thompson}, S.~E. and {Brown}, T.~M. and 
	{Dupree}, A.~K. and {Fabrycky}, D.~C. and {Ford}, E.~B. and 
	{Fortney}, J.~J. and {Gilliland}, R.~L. and {Isaacson}, H. and 
	{Latham}, D.~W. and {Marcy}, G.~W. and {Quinn}, S.~N. and {Ragozzine}, D. and 
	{Shporer}, A. and {Borucki}, W.~J. and {Ciardi}, D.~R. and {Gautier}, III, T.~N. and 
	{Haas}, M.~R. and {Jenkins}, J.~M. and {Koch}, D.~G. and {Lissauer}, J.~J. and 
	{Rapin}, W. and {Basri}, G.~S. and {Boss}, A.~P. and {Buchhave}, L.~A. and 
	{Carter}, J.~A. and {Charbonneau}, D. and {Christensen-Dalsgaard}, J. and 
	{Clarke}, B.~D. and {Cochran}, W.~D. and {Demory}, B.-O. and 
	{Desert}, J.-M. and {Devore}, E. and {Doyle}, L.~R. and {Esquerdo}, G.~A. and 
	{Everett}, M. and {Fressin}, F. and {Geary}, J.~C. and {Girouard}, F.~R. and 
	{Gould}, A. and {Hall}, J.~R. and {Holman}, M.~J. and {Howard}, A.~W. and 
	{Howell}, S.~B. and {Ibrahim}, K.~A. and {Kinemuchi}, K. and 
	{Kjeldsen}, H. and {Klaus}, T.~C. and {Li}, J. and {Lucas}, P.~W. and 
	{Meibom}, S. and {Morris}, R.~L. and {Pr{\v s}a}, A. and {Quintana}, E. and 
	{Sanderfer}, D.~T. and {Sasselov}, D. and {Seader}, S.~E. and 
	{Smith}, J.~C. and {Steffen}, J.~H. and {Still}, M. and {Stumpe}, M.~C. and 
	{Tarter}, J.~C. and {Tenenbaum}, P. and {Torres}, G. and {Twicken}, J.~D. and 
	{Uddin}, K. and {Van Cleve}, J. and {Walkowicz}, L. and {Welsh}, W.~F.
	},
    title = "{Planetary Candidates Observed by Kepler. III. Analysis of the First 16 Months of Data}",
  journal = {\apjs},
archivePrefix = "arXiv",
   eprint = {1202.5852},
 primaryClass = "astro-ph.EP",
 keywords = {catalogs, eclipses, planetary systems, space vehicles, techniques: photometric },
     year = 2013,
    month = feb,
   volume = 204,
      eid = {24},
    pages = {24},
      doi = {10.1088/0067-0049/204/2/24},
   adsurl = {http://adsabs.harvard.edu/abs/2013ApJS..204...24B},
  adsnote = {Provided by the SAO/NASA Astrophysics Data System}
}


@ARTICLE{Holman2005,
   author = {{Holman}, M.~J. and {Murray}, N.~W.},
    title = "{The Use of Transit Timing to Detect Terrestrial-Mass Extrasolar Planets}",
  journal = {Science},
   eprint = {astro-ph/0412028},
     year = 2005,
    month = feb,
   volume = 307,
    pages = {1288-1291},
      doi = {10.1126/science.1107822},
   adsurl = {http://adsabs.harvard.edu/abs/2005Sci...307.1288H},
  adsnote = {Provided by the SAO/NASA Astrophysics Data System}
}

@ARTICLE{Agol2005,
   author = {{Agol}, E. and {Steffen}, J. and {Sari}, R. and {Clarkson}, W.
	},
    title = "{On detecting terrestrial planets with timing of giant planet transits}",
  journal = {\mnras},
   eprint = {astro-ph/0412032},
 keywords = {eclipses, planetary systems, extrasolar planets, transiting planets, planetary dynamics},
     year = 2005,
    month = may,
   volume = 359,
    pages = {567-579},
      doi = {10.1111/j.1365-2966.2005.08922.x},
   adsurl = {http://adsabs.harvard.edu/abs/2005MNRAS.359..567A},
  adsnote = {Provided by the SAO/NASA Astrophysics Data System}
}

@ARTICLE{vonEssen2018,
   author = {{von Essen}, C. and {Ofir}, A. and {Dreizler}, S. and {Agol}, E. and 
	{Freudenthal}, J. and {Hernandez}, J. and {Wedemeyer}, S. and 
	{Parkash}, V. and {Deeg}, H.~J. and {Hoyer}, S. and {Morris}, B.~M. and 
	{Becker}, A.~C. and {Sun}, L. and {Gu}, S.~H. and {Herrero}, E. and 
	{Tal-Or}, L. and {Poppenhaeger}, K. and {Mallonn}, M. and {Albrecht}, S. and 
	{Khalafinejad}, S. and {Boumis}, P. and {Delgado-Correal}, C. and 
	{Fabrycky}, D.~C. and {Janulis}, R. and {Lalitha}, S. and {Liakos}, A. and 
	{Mikolaitis}, S. and {Moyano D'Angelo}, M.~L. and {Sokov}, E. and 
	{Pakstiene}, E. and {Popov}, A. and {Krushinsky}, V. and {Ribas}, I. and 
	{Rodriguez S.}, M.~M. and {Rusov}, S. and {Sokova}, I. and {Tautvaisiene}, G. and 
	{Wang}, X.},
    title = "{Kepler Object of Interest Network I. First results combining ground and space-based observations of Kepler systems with transit timing variations}",
  journal = {ArXiv e-prints},
archivePrefix = "arXiv",
   eprint = {1801.06191},
 primaryClass = "astro-ph.EP",
 keywords = {Astrophysics - Earth and Planetary Astrophysics},
     year = 2018,
    month = jan,
   adsurl = {http://adsabs.harvard.edu/abs/2018arXiv180106191V},
  adsnote = {Provided by the SAO/NASA Astrophysics Data System}
}
