Retrieved 1 abstracts, starting with number 1.  Total number selected: 1.

@ARTICLE{bakos2010,
   author = {{Bakos}, G.~{\'A}. and {Torres}, G. and {P{\'a}l}, A. and {Hartman}, J. and 
	{Kov{\'a}cs}, G. and {Noyes}, R.~W. and {Latham}, D.~W. and 
	{Sasselov}, D.~D. and {Sip{\H o}cz}, B. and {Esquerdo}, G.~A. and 
	{Fischer}, D.~A. and {Johnson}, J.~A. and {Marcy}, G.~W. and 
	{Butler}, R.~P. and {Isaacson}, H. and {Howard}, A. and {Vogt}, S. and 
	{Kov{\'a}cs}, G. and {Fernandez}, J. and {Mo{\'o}r}, A. and 
	{Stefanik}, R.~P. and {L{\'a}z{\'a}r}, J. and {Papp}, I. and 
	{S{\'a}ri}, P.},
    title = "{HAT-P-11b: A Super-Neptune Planet Transiting a Bright K Star in the Kepler Field}",
  journal = {\apj},
archivePrefix = "arXiv",
   eprint = {0901.0282},
 primaryClass = "astro-ph.EP",
 keywords = {planetary systems, stars: individual: HAT-P-11 GSC 03561-02092, techniques: photometric, techniques: spectroscopic},
     year = 2010,
    month = feb,
   volume = 710,
    pages = {1724-1745},
      doi = {10.1088/0004-637X/710/2/1724},
   adsurl = {http://adsabs.harvard.edu/abs/2010ApJ...710.1724B},
  adsnote = {Provided by the SAO/NASA Astrophysics Data System}
}

@ARTICLE{Christensen-Dalsgaard2010,
   author = {{Christensen-Dalsgaard}, J. and {Kjeldsen}, H. and {Brown}, T.~M. and 
	{Gilliland}, R.~L. and {Arentoft}, T. and {Frandsen}, S. and 
	{Quirion}, P.-O. and {Borucki}, W.~J. and {Koch}, D. and {Jenkins}, J.~M.
	},
    title = "{Asteroseismic Investigation of Known Planet Hosts in the Kepler Field}",
  journal = {\apjl},
archivePrefix = "arXiv",
   eprint = {1001.0032},
 primaryClass = "astro-ph.SR",
 keywords = {planetary systems, stars: fundamental parameters, stars: oscillations},
     year = 2010,
    month = apr,
   volume = 713,
    pages = {L164-L168},
      doi = {10.1088/2041-8205/713/2/L164},
   adsurl = {http://adsabs.harvard.edu/abs/2010ApJ...713L.164C},
  adsnote = {Provided by the SAO/NASA Astrophysics Data System}
}


@ARTICLE{Winn2010,
   author = {{Winn}, J.~N. and {Johnson}, J.~A. and {Howard}, A.~W. and {Marcy}, G.~W. and 
	{Isaacson}, H. and {Shporer}, A. and {Bakos}, G.~{\'A}. and 
	{Hartman}, J.~D. and {Albrecht}, S.},
    title = "{The Oblique Orbit of the Super-Neptune HAT-P-11b}",
  journal = {\apjl},
archivePrefix = "arXiv",
   eprint = {1009.5671},
 primaryClass = "astro-ph.EP",
 keywords = {planetary systems, planets and satellites: formation, planet-star interactions, stars: rotation},
     year = 2010,
    month = nov,
   volume = 723,
    pages = {L223-L227},
      doi = {10.1088/2041-8205/723/2/L223},
   adsurl = {http://adsabs.harvard.edu/abs/2010ApJ...723L.223W},
  adsnote = {Provided by the SAO/NASA Astrophysics Data System}
}

@ARTICLE{Deming2011,
   author = {{Deming}, D. and {Sada}, P.~V. and {Jackson}, B. and {Peterson}, S.~W. and 
	{Agol}, E. and {Knutson}, H.~A. and {Jennings}, D.~E. and {Haase}, F. and 
	{Bays}, K.},
    title = "{Kepler and Ground-based Transits of the Exo-Neptune HAT-P-11b}",
  journal = {\apj},
archivePrefix = "arXiv",
   eprint = {1107.2977},
 primaryClass = "astro-ph.EP",
 keywords = {planetary systems, planets and satellites: general, stars: activity, starspots},
     year = 2011,
    month = oct,
   volume = 740,
      eid = {33},
    pages = {33},
      doi = {10.1088/0004-637X/740/1/33},
   adsurl = {http://adsabs.harvard.edu/abs/2011ApJ...740...33D},
  adsnote = {Provided by the SAO/NASA Astrophysics Data System}
}

@ARTICLE{Hirano2011,
   author = {{Hirano}, T. and {Narita}, N. and {Shporer}, A. and {Sato}, B. and 
	{Aoki}, W. and {Tamura}, M.},
    title = "{A Possible Tilted Orbit of the Super-Neptune HAT-P-11b}",
  journal = {\pasj},
archivePrefix = "arXiv",
   eprint = {1009.5677},
 primaryClass = "astro-ph.EP",
 keywords = {stars: planetary systems: individual (HAT-P-11), stars: rotation, techniques: photometric, techniques: radial velocities, techniques: spectroscopic},
     year = 2011,
    month = mar,
   volume = 63,
    pages = {531-},
      doi = {10.1093/pasj/63.sp2.S531},
   adsurl = {http://adsabs.harvard.edu/abs/2011PASJ...63S.531H},
  adsnote = {Provided by the SAO/NASA Astrophysics Data System}
}


@ARTICLE{Sanchis-Ojeda2011,
   author = {{Sanchis-Ojeda}, R. and {Winn}, J.~N.},
    title = "{Starspots, Spin-Orbit Misalignment, and Active Latitudes in the HAT-P-11 Exoplanetary System}",
  journal = {\apj},
archivePrefix = "arXiv",
   eprint = {1107.2920},
 primaryClass = "astro-ph.EP",
 keywords = {planetary systems, stars: activity, stars: individual: HAT-P-11, stars: rotation, starspots},
     year = 2011,
    month = dec,
   volume = 743,
      eid = {61},
    pages = {61},
      doi = {10.1088/0004-637X/743/1/61},
   adsurl = {http://adsabs.harvard.edu/abs/2011ApJ...743...61S},
  adsnote = {Provided by the SAO/NASA Astrophysics Data System}
}


@ARTICLE{Southworth2011,
   author = {{Southworth}, J.},
    title = "{Homogeneous studies of transiting extrasolar planets - IV. Thirty systems with space-based light curves}",
  journal = {\mnras},
archivePrefix = "arXiv",
   eprint = {1107.1235},
 primaryClass = "astro-ph.EP",
 keywords = {binaries: eclipsing, binaries: spectroscopic, stars: fundamental parameters, planetary systems},
     year = 2011,
    month = nov,
   volume = 417,
    pages = {2166-2196},
      doi = {10.1111/j.1365-2966.2011.19399.x},
   adsurl = {http://adsabs.harvard.edu/abs/2011MNRAS.417.2166S},
  adsnote = {Provided by the SAO/NASA Astrophysics Data System}
}


@ARTICLE{Beky2014a,
   author = {{B{\'e}ky}, B. and {Holman}, M.~J. and {Kipping}, D.~M. and 
	{Noyes}, R.~W.},
    title = "{Stellar Rotation-Planetary Orbit Period Commensurability in the HAT-P-11 System}",
  journal = {\apj},
archivePrefix = "arXiv",
   eprint = {1403.7526},
 primaryClass = "astro-ph.SR",
 keywords = {stars: activity, stars: individual: HAT-P-11 Kepler-17, stars: rotation},
     year = 2014,
    month = jun,
   volume = 788,
      eid = {1},
    pages = {1},
      doi = {10.1088/0004-637X/788/1/1},
   adsurl = {http://adsabs.harvard.edu/abs/2014ApJ...788....1B},
  adsnote = {Provided by the SAO/NASA Astrophysics Data System}
}


@ARTICLE{Beky2014b,
   author = {{B{\'e}ky}, B. and {Kipping}, D.~M. and {Holman}, M.~J.},
    title = "{SPOTROD: a semi-analytic model for transits of spotted stars}",
  journal = {\mnras},
archivePrefix = "arXiv",
   eprint = {1407.4465},
 primaryClass = "astro-ph.EP",
 keywords = {techniques: photometric, stars: individual: HAT-P-11- starspots},
     year = 2014,
    month = aug,
   volume = 442,
    pages = {3686-3699},
      doi = {10.1093/mnras/stu1061},
   adsurl = {http://adsabs.harvard.edu/abs/2014MNRAS.442.3686B},
  adsnote = {Provided by the SAO/NASA Astrophysics Data System}
}



@ARTICLE{Fraine2014,
   author = {{Fraine}, J. and {Deming}, D. and {Benneke}, B. and {Knutson}, H. and 
	{Jord{\'a}n}, A. and {Espinoza}, N. and {Madhusudhan}, N. and 
	{Wilkins}, A. and {Todorov}, K.},
    title = "{Water vapour absorption in the clear atmosphere of a Neptune-sized exoplanet}",
  journal = {\nat},
archivePrefix = "arXiv",
   eprint = {1409.8349},
 primaryClass = "astro-ph.EP",
     year = 2014,
    month = sep,
   volume = 513,
    pages = {526-529},
      doi = {10.1038/nature13785},
   adsurl = {http://adsabs.harvard.edu/abs/2014Natur.513..526F},
  adsnote = {Provided by the SAO/NASA Astrophysics Data System}
}



@ARTICLE{Maxted2014,
   author = {{Maxted}, P.~F.~L. and {Serenelli}, A.~M. and {Southworth}, J.
	},
    title = "{Comparison of gyrochronological and isochronal age estimates for transiting exoplanet host stars}",
  journal = {\aap},
archivePrefix = "arXiv",
   eprint = {1503.09111},
 primaryClass = "astro-ph.EP",
 keywords = {stars: solar-type, planet-star interactions},
     year = 2015,
    month = may,
   volume = 577,
      eid = {A90},
    pages = {A90},
      doi = {10.1051/0004-6361/201525774},
   adsurl = {http://adsabs.harvard.edu/abs/2015A%26A...577A..90M},
  adsnote = {Provided by the SAO/NASA Astrophysics Data System}
}

@ARTICLE{Goodman2010,
   author = {{Goodman}, J. and {Weare}, J.
	},
    title = "{Ensemble samplers with affine invariance}",
  journal = {Communications in Applied Mathematics and Computational Science},
     year = 2010,
    month = nov,
   volume = 5,
    pages = {65-80},
      doi = {10.2140/camcos.2010.5.65},
}


@misc{gatspy,
  author       = {Jake Vanderplas},
  title        = {{gatspy: General tools for Astronomical Time Series 
                   in Python}},
  month        = feb,
  year         = 2015,
  doi          = {10.5281/zenodo.14833},
  url          = {http://dx.doi.org/10.5281/zenodo.14833}
}

@ARTICLE{Kipping2013,
   author = {{Kipping}, D.~M.},
    title = "{Efficient, uninformative sampling of limb darkening coefficients for two-parameter laws}",
  journal = {\mnras},
archivePrefix = "arXiv",
   eprint = {1308.0009},
 primaryClass = "astro-ph.SR",
 keywords = {methods: analytical, stars: atmospheres},
     year = 2013,
    month = nov,
   volume = 435,
    pages = {2152-2160},
      doi = {10.1093/mnras/stt1435},
   adsurl = {http://adsabs.harvard.edu/abs/2013MNRAS.435.2152K},
  adsnote = {Provided by the SAO/NASA Astrophysics Data System}
}


@ARTICLE{Carter2011,
   author = {{Carter}, J.~A. and {Winn}, J.~N. and {Holman}, M.~J. and {Fabrycky}, D. and 
	{Berta}, Z.~K. and {Burke}, C.~J. and {Nutzman}, P.},
    title = "{The Transit Light Curve Project. XIII. Sixteen Transits of the Super-Earth GJ 1214b}",
  journal = {\apj},
archivePrefix = "arXiv",
   eprint = {1012.0376},
 primaryClass = "astro-ph.EP",
 keywords = {planetary systems, planets and satellites: individual: GJ 1214b GJ 1214, techniques: photometric},
     year = 2011,
    month = apr,
   volume = 730,
      eid = {82},
    pages = {82},
      doi = {10.1088/0004-637X/730/2/82},
   adsurl = {http://adsabs.harvard.edu/abs/2011ApJ...730...82C},
  adsnote = {Provided by the SAO/NASA Astrophysics Data System}
}


@ARTICLE{Czesla2009,
   author = {{Czesla}, S. and {Huber}, K.~F. and {Wolter}, U. and {Schr{\"o}ter}, S. and 
	{Schmitt}, J.~H.~M.~M.},
    title = "{How stellar activity affects the size estimates of extrasolar planets}",
  journal = {\aap},
archivePrefix = "arXiv",
   eprint = {0906.3604},
 primaryClass = "astro-ph.SR",
 keywords = {techniques: photometric, stars: activity, starspots, stars: individual: CoRoT-2a, planetary systems},
     year = 2009,
    month = oct,
   volume = 505,
    pages = {1277-1282},
      doi = {10.1051/0004-6361/200912454},
   adsurl = {http://adsabs.harvard.edu/abs/2009A%26A...505.1277C},
  adsnote = {Provided by the SAO/NASA Astrophysics Data System}
}

@ARTICLE{Kreidberg2015,
   author = {{Kreidberg}, L.},
    title = "{BATMAN: BAsic Transit Model cAlculatioN in Python}",
  journal = {\pasp},
archivePrefix = "arXiv",
   eprint = {1507.08285},
 primaryClass = "astro-ph.EP",
     year = 2015,
    month = dec,
   volume = 127,
    pages = {1161-1165},
      doi = {10.1086/683602},
   adsurl = {http://adsabs.harvard.edu/abs/2015PASP..127.1161K},
  adsnote = {Provided by the SAO/NASA Astrophysics Data System}
}


@ARTICLE{Mandel2002,
   author = {{Mandel}, K. and {Agol}, E.},
    title = "{Analytic Light Curves for Planetary Transit Searches}",
  journal = {\apjl},
   eprint = {astro-ph/0210099},
 keywords = {Stars: Binaries: Eclipsing, Eclipses, Occultations, Stars: Planetary Systems},
     year = 2002,
    month = dec,
   volume = 580,
    pages = {L171-L175},
      doi = {10.1086/345520},
   adsurl = {http://adsabs.harvard.edu/abs/2002ApJ...580L.171M},
  adsnote = {Provided by the SAO/NASA Astrophysics Data System}
}


@ARTICLE{Foreman-Mackey2013,
   author = {{Foreman-Mackey}, D. and {Hogg}, D.~W. and {Lang}, D. and {Goodman}, J.
	},
    title = "{emcee: The MCMC Hammer}",
  journal = {\pasp},
archivePrefix = "arXiv",
   eprint = {1202.3665},
 primaryClass = "astro-ph.IM",
 keywords = {Data Analysis and Techniques},
     year = 2013,
    month = mar,
   volume = 125,
    pages = {306-312},
      doi = {10.1086/670067},
   adsurl = {http://adsabs.harvard.edu/abs/2013PASP..125..306F},
  adsnote = {Provided by the SAO/NASA Astrophysics Data System}
}

@ARTICLE{Aigrain2015,
   author = {{Aigrain}, S. and {Llama}, J. and {Ceillier}, T. and {Chagas}, M.~L.~d. and 
	{Davenport}, J.~R.~A. and {Garc{\'{\i}}a}, R.~A. and {Hay}, K.~L. and 
	{Lanza}, A.~F. and {McQuillan}, A. and {Mazeh}, T. and {de Medeiros}, J.~R. and 
	{Nielsen}, M.~B. and {Reinhold}, T.},
    title = "{Testing the recovery of stellar rotation signals from Kepler light curves using a blind hare-and-hounds exercise}",
  journal = {\mnras},
archivePrefix = "arXiv",
   eprint = {1504.04029},
 primaryClass = "astro-ph.SR",
 keywords = {methods: data analysis, techniques: photometric, surveys, stars: rotation, starspots},
     year = 2015,
    month = jul,
   volume = 450,
    pages = {3211-3226},
      doi = {10.1093/mnras/stv853},
   adsurl = {http://adsabs.harvard.edu/abs/2015MNRAS.450.3211A},
  adsnote = {Provided by the SAO/NASA Astrophysics Data System}
}

@ARTICLE{Davenport2015,
   author = {{Davenport}, J.~R.~A. and {Hebb}, L. and {Hawley}, S.~L.},
    title = "{Detecting Differential Rotation and Starspot Evolution on the M Dwarf GJ 1243 with Kepler}",
  journal = {\apj},
archivePrefix = "arXiv",
   eprint = {1505.01524},
 primaryClass = "astro-ph.SR",
 keywords = {starspots, stars: activity, stars: low-mass},
     year = 2015,
    month = jun,
   volume = 806,
      eid = {212},
    pages = {212},
      doi = {10.1088/0004-637X/806/2/212},
   adsurl = {http://adsabs.harvard.edu/abs/2015ApJ...806..212D},
  adsnote = {Provided by the SAO/NASA Astrophysics Data System}
}


@ARTICLE{Huber2010,
   author = {{Huber}, K.~F. and {Czesla}, S. and {Wolter}, U. and {Schmitt}, J.~H.~M.~M.
	},
    title = "{Planetary eclipse mapping of CoRoT-2a. Evolution, differential rotation, and spot migration}",
  journal = {\aap},
archivePrefix = "arXiv",
   eprint = {1002.4113},
 primaryClass = "astro-ph.SR",
 keywords = {planetary systems, techniques: photometric, stars: activity, starspots, stars: individual: CoRoT-2a},
     year = 2010,
    month = may,
   volume = 514,
      eid = {A39},
    pages = {A39},
      doi = {10.1051/0004-6361/200913914},
   adsurl = {http://adsabs.harvard.edu/abs/2010A%26A...514A..39H},
  adsnote = {Provided by the SAO/NASA Astrophysics Data System}
}


@ARTICLE{Csizmadia2013,
   author = {{Csizmadia}, S. and {Pasternacki}, T. and {Dreyer}, C. and {Cabrera}, J. and 
	{Erikson}, A. and {Rauer}, H.},
    title = "{The effect of stellar limb darkening values on the accuracy of the planet radii derived from photometric transit observations}",
  journal = {\aap},
archivePrefix = "arXiv",
   eprint = {1212.2372},
 primaryClass = "astro-ph.EP",
 keywords = {techniques: photometric, planetary systems},
     year = 2013,
    month = jan,
   volume = 549,
      eid = {A9},
    pages = {A9},
      doi = {10.1051/0004-6361/201219888},
   adsurl = {http://adsabs.harvard.edu/abs/2013A%26A...549A...9C},
  adsnote = {Provided by the SAO/NASA Astrophysics Data System}
}

@ARTICLE{Schuessler1996,
   author = {{Schuessler}, M. and {Caligari}, P. and {Ferriz-Mas}, A. and 
	{Solanki}, S.~K. and {Stix}, M.},
    title = "{Distribution of starspots on cool stars. I. Young and main sequence stars of 1M$_{sun}$\_.}",
  journal = {\aap},
 keywords = {STARS: MAGNETIC FIELDS, STARS: ACTIVITY, MHD},
     year = 1996,
    month = oct,
   volume = 314,
    pages = {503-512},
   adsurl = {http://adsabs.harvard.edu/abs/1996A%26A...314..503S},
  adsnote = {Provided by the SAO/NASA Astrophysics Data System}
}

@ARTICLE{Granzer2000,
   author = {{Granzer}, T. and {Sch{\"u}ssler}, M. and {Caligari}, P. and 
	{Strassmeier}, K.~G.},
    title = "{Distribution of starspots on cool stars. II. Pre-main-sequence and ZAMS stars between 0.4 M$_{sun}$ and 1.7 M$_{sun}$}",
  journal = {\aap},
 keywords = {MAGNETOHYDRODYNAMICS (MHD), STARS: ROTATION, STARS: PRE-MAIN SEQUENCE, STARS: MAGNETIC FIELDS, STARS: ACTIVITY},
     year = 2000,
    month = mar,
   volume = 355,
    pages = {1087-1097},
   adsurl = {http://adsabs.harvard.edu/abs/2000A%26A...355.1087G},
  adsnote = {Provided by the SAO/NASA Astrophysics Data System}
}


@ARTICLE{Eker2003,
   author = {{Eker}, Z. and {Brandt}, P.~N. and {Hanslmeier}, A. and {Otruba}, W. and 
	{Wehrli}, C.},
    title = "{Deriving effective sunspot temperatures from SOHO/VIRGO irradiance measurements.  A starspot modelling approach}",
  journal = {\aap},
 keywords = {Sun: sunspots, Sun: activity, Sun: photosphere, stars: starspots, Sun: UV radiation},
     year = 2003,
    month = jun,
   volume = 404,
    pages = {1107-1115},
      doi = {10.1051/0004-6361:20030573},
   adsurl = {http://adsabs.harvard.edu/abs/2003A%26A...404.1107E},
  adsnote = {Provided by the SAO/NASA Astrophysics Data System}
}


@ARTICLE{Leonard2008,
   author = {{Leonard}, T. and {Choudhary}, D.~P.},
    title = "{Intensity and Magnetic Field Distribution of Sunspots}",
  journal = {\solphys},
 keywords = {Sun: magnetic field, Sun: sunspot, Sun: brightness},
     year = 2008,
    month = oct,
   volume = 252,
    pages = {33-41},
      doi = {10.1007/s11207-008-9256-y},
   adsurl = {http://adsabs.harvard.edu/abs/2008SoPh..252...33L},
  adsnote = {Provided by the SAO/NASA Astrophysics Data System}
}



@ARTICLE{Keppens1996,
   author = {{Keppens}, R. and {Martinez Pillet}, V.},
    title = "{The magnetic structure of pores and sunspots derived from Advanced Stokes Polarimeter data.}",
  journal = {\aap},
 keywords = {POLARIZATION, SUN: MAGNETIC FIELDS, SUN: SUNSPOTS},
     year = 1996,
    month = dec,
   volume = 316,
    pages = {229-242},
   adsurl = {http://adsabs.harvard.edu/abs/1996A%26A...316..229K},
  adsnote = {Provided by the SAO/NASA Astrophysics Data System}
}


@ARTICLE{Roettenbacher2013,
   author = {{Roettenbacher}, R.~M. and {Monnier}, J.~D. and {Harmon}, R.~O. and 
	{Barclay}, T. and {Still}, M.},
    title = "{Imaging Starspot Evolution on Kepler Target KIC 5110407 Using Light-Curve Inversion}",
  journal = {\apj},
archivePrefix = "arXiv",
   eprint = {1302.6268},
 primaryClass = "astro-ph.SR",
 keywords = {stars: activity, stars: imaging, stars: variables: general},
     year = 2013,
    month = apr,
   volume = 767,
      eid = {60},
    pages = {60},
      doi = {10.1088/0004-637X/767/1/60},
   adsurl = {http://adsabs.harvard.edu/abs/2013ApJ...767...60R},
  adsnote = {Provided by the SAO/NASA Astrophysics Data System}
}

@ARTICLE{Frasca2011,
   author = {{Frasca}, A. and {Fr{\"o}hlich}, H.-E. and {Bonanno}, A. and 
	{Catanzaro}, G. and {Biazzo}, K. and {Molenda-{\.Z}akowicz}, J.
	},
    title = "{Magnetic activity and differential rotation in the very young star KIC 8429280}",
  journal = {\aap},
archivePrefix = "arXiv",
   eprint = {1106.4928},
 primaryClass = "astro-ph.SR",
 keywords = {stars: activity, starspots, stars: rotation, stars: chromospheres, stars: individual: KIC 8429280, X-rays: stars},
     year = 2011,
    month = aug,
   volume = 532,
      eid = {A81},
    pages = {A81},
      doi = {10.1051/0004-6361/201116980},
   adsurl = {http://adsabs.harvard.edu/abs/2011A%26A...532A..81F},
  adsnote = {Provided by the SAO/NASA Astrophysics Data System}
}

@ARTICLE{McQuillan2014,
   author = {{McQuillan}, A. and {Mazeh}, T. and {Aigrain}, S.},
    title = "{Rotation Periods of 34,030 Kepler Main-sequence Stars: The Full Autocorrelation Sample}",
  journal = {\apjs},
archivePrefix = "arXiv",
   eprint = {1402.5694},
 primaryClass = "astro-ph.SR",
 keywords = {catalogs, methods: data analysis, methods: observational, stars: activity, stars: low-mass, stars: rotation, techniques: photometric},
     year = 2014,
    month = apr,
   volume = 211,
      eid = {24},
    pages = {24},
      doi = {10.1088/0067-0049/211/2/24},
   adsurl = {http://adsabs.harvard.edu/abs/2014ApJS..211...24M},
  adsnote = {Provided by the SAO/NASA Astrophysics Data System}
}



@ARTICLE{Ohta2005,
   author = {{Ohta}, Y. and {Taruya}, A. and {Suto}, Y.},
    title = "{The Rossiter-McLaughlin Effect and Analytic Radial Velocity Curves for Transiting Extrasolar Planetary Systems}",
  journal = {\apj},
   eprint = {astro-ph/0410499},
 keywords = {Stars: Planetary Systems, Stars: Individual: Henry Draper Number: HD 209458, Techniques: Spectroscopic},
     year = 2005,
    month = apr,
   volume = 622,
    pages = {1118-1135},
      doi = {10.1086/428344},
   adsurl = {http://adsabs.harvard.edu/abs/2005ApJ...622.1118O},
  adsnote = {Provided by the SAO/NASA Astrophysics Data System}
}


@ARTICLE{Winn2005,
   author = {{Winn}, J.~N. and {Noyes}, R.~W. and {Holman}, M.~J. and {Charbonneau}, D. and 
	{Ohta}, Y. and {Taruya}, A. and {Suto}, Y. and {Narita}, N. and 
	{Turner}, E.~L. and {Johnson}, J.~A. and {Marcy}, G.~W. and 
	{Butler}, R.~P. and {Vogt}, S.~S.},
    title = "{Measurement of Spin-Orbit Alignment in an Extrasolar Planetary System}",
  journal = {\apj},
   eprint = {astro-ph/0504555},
 keywords = {Stars: Planetary Systems, Stars: Planetary Systems: Formation, Stars: Individual: Henry Draper Number: HD 209458, Stars: Rotation},
     year = 2005,
    month = oct,
   volume = 631,
    pages = {1215-1226},
      doi = {10.1086/432571},
   adsurl = {http://adsabs.harvard.edu/abs/2005ApJ...631.1215W},
  adsnote = {Provided by the SAO/NASA Astrophysics Data System}
}

@ARTICLE{Fabrycky2009,
   author = {{Fabrycky}, D.~C. and {Winn}, J.~N.},
    title = "{Exoplanetary Spin-Orbit Alignment: Results from the Ensemble of Rossiter-McLaughlin Observations}",
  journal = {\apj},
archivePrefix = "arXiv",
   eprint = {0902.0737},
 primaryClass = "astro-ph.EP",
 keywords = {celestial mechanics, methods: statistical, planetary systems, stars: rotation},
     year = 2009,
    month = may,
   volume = 696,
    pages = {1230-1240},
      doi = {10.1088/0004-637X/696/2/1230},
   adsurl = {http://adsabs.harvard.edu/abs/2009ApJ...696.1230F},
  adsnote = {Provided by the SAO/NASA Astrophysics Data System}
}


@ARTICLE{Howard1984,
   author = {{Howard}, R. and {Gilman}, P.~I. and {Gilman}, P.~A.},
    title = "{Rotation of the sun measured from Mount Wilson white-light images}",
  journal = {\apj},
 keywords = {Astronomical Photography, Solar Rotation, Sunspots, Angular Velocity, Annual Variations, Data Reduction},
     year = 1984,
    month = aug,
   volume = 283,
    pages = {373-384},
      doi = {10.1086/162315},
   adsurl = {http://adsabs.harvard.edu/abs/1984ApJ...283..373H},
  adsnote = {Provided by the SAO/NASA Astrophysics Data System}
}


@ARTICLE{Li2002,
   author = {{Li}, K.-J. and {Liu}, X.-H. and {Yun}, H.-S. and {Xiong}, S.-Y. and 
	{Liang}, H.-F. and {Zhao}, H.-Z. and {Zhan}, L.-S. and {Gu}, X.-M.
	},
    title = "{Asymmetrical Distribution of Sunspot Groups in the Solar Hemispheres}",
  journal = {\pasj},
 keywords = {activity, Sun : general, Sun : sunspots},
     year = 2002,
    month = aug,
   volume = 54,
    pages = {629-633},
      doi = {10.1093/pasj/54.4.629},
   adsurl = {http://adsabs.harvard.edu/abs/2002PASJ...54..629L},
  adsnote = {Provided by the SAO/NASA Astrophysics Data System}
}

@ARTICLE{Carbonell1993,
   author = {{Carbonell}, M. and {Oliver}, R. and {Ballester}, J.~L.},
    title = "{On the asymmetry of solar activity}",
  journal = {\aap},
     year = 1993,
    month = jul,
   volume = 274,
    pages = {497},
   adsurl = {http://adsabs.harvard.edu/abs/1993A%26A...274..497C},
  adsnote = {Provided by the SAO/NASA Astrophysics Data System}
}

@ARTICLE{Vizoso1990,
   author = {{Vizoso}, G. and {Ballester}, J.~L.},
    title = "{The north-south asymmetry of sunspots}",
  journal = {\aap},
 keywords = {Magnetic Dipoles, Solar Activity Effects, Solar Cycles, Solar Flares, Sunspot Cycle, Asymmetry, Northern Hemisphere, Solar Magnetic Field, Solar Prominences},
     year = 1990,
    month = mar,
   volume = 229,
    pages = {540-546},
   adsurl = {http://adsabs.harvard.edu/abs/1990A%26A...229..540V},
  adsnote = {Provided by the SAO/NASA Astrophysics Data System}
}


@ARTICLE{Hathaway2015,
   author = {{Hathaway}, D.~H.},
    title = "{The Solar Cycle}",
  journal = {Living Reviews in Solar Physics},
archivePrefix = "arXiv",
   eprint = {1502.07020},
 primaryClass = "astro-ph.SR",
 keywords = {Sunspots, Solar cycle, Solar cycle prediction, Solar activity  },
     year = 2015,
    month = sep,
   volume = 12,
      doi = {10.1007/lrsp-2015-4},
   adsurl = {http://adsabs.harvard.edu/abs/2015LRSP...12....4H},
  adsnote = {Provided by the SAO/NASA Astrophysics Data System}
}

@ARTICLE{Hathaway2011,
   author = {{Hathaway}, D.~H.},
    title = "{A Standard Law for the Equatorward Drift of the Sunspot Zones}",
  journal = {\solphys},
archivePrefix = "arXiv",
   eprint = {1108.1722},
 primaryClass = "astro-ph.SR",
 keywords = {Solar cycle, observations, Sunspots, statistics, Sunspots, velocity},
     year = 2011,
    month = oct,
   volume = 273,
    pages = {221-230},
      doi = {10.1007/s11207-011-9837-z},
   adsurl = {http://adsabs.harvard.edu/abs/2011SoPh..273..221H},
  adsnote = {Provided by the SAO/NASA Astrophysics Data System}
}

@ARTICLE{Solanki2003,
   author = {{Solanki}, S.~K.},
    title = "{Sunspots: An overview}",
  journal = {\aapr},
 keywords = {Sunspots, Sun: magnetic field, Sun: active regions, Sun: activity},
     year = 2003,
   volume = 11,
    pages = {153-286},
      doi = {10.1007/s00159-003-0018-4},
   adsurl = {http://adsabs.harvard.edu/abs/2003A%26ARv..11..153S},
  adsnote = {Provided by the SAO/NASA Astrophysics Data System}
}

@ARTICLE{Vaughan1978,
   author = {{Vaughan}, A.~H. and {Preston}, G.~W. and {Wilson}, O.~C.},
    title = "{Flux measurements of CA II H and K emission}",
  journal = {\pasp},
 keywords = {Chromosphere, Emission Spectra, H Lines, K Lines, Stellar Spectrophotometry, Absorption Spectra, Spectrophotometers, Statistical Analysis},
     year = 1978,
    month = jun,
   volume = 90,
    pages = {267-274},
      doi = {10.1086/130324},
   adsurl = {http://adsabs.harvard.edu/abs/1978PASP...90..267V},
  adsnote = {Provided by the SAO/NASA Astrophysics Data System}
}

@ARTICLE{Alvarado-Gomez2015,
   author = {{Alvarado-G{\'o}mez}, J.~D. and {Hussain}, G.~A.~J. and {Grunhut}, J. and 
	{Fares}, R. and {Donati}, J.-F. and {Alecian}, E. and {Kochukhov}, O. and 
	{Oksala}, M. and {Morin}, J. and {Redfield}, S. and {Cohen}, O. and 
	{Drake}, J.~J. and {Jardine}, M. and {Matt}, S. and {Petit}, P. and 
	{Walter}, F.~M.},
    title = "{Activity and magnetic field structure of the Sun-like planet-hosting star HD 1237}",
  journal = {\aap},
archivePrefix = "arXiv",
   eprint = {1507.04117},
 primaryClass = "astro-ph.SR",
 keywords = {stars: activity, stars: magnetic field, stars: solar-type, stars: individual: HD 1237},
     year = 2015,
    month = oct,
   volume = 582,
      eid = {A38},
    pages = {A38},
      doi = {10.1051/0004-6361/201525771},
   adsurl = {http://adsabs.harvard.edu/abs/2015A%26A...582A..38A},
  adsnote = {Provided by the SAO/NASA Astrophysics Data System}
}

@ARTICLE{Duncan1991,
   author = {{Duncan}, D.~K. and {Vaughan}, A.~H. and {Wilson}, O.~C. and 
	{Preston}, G.~W. and {Frazer}, J. and {Lanning}, H. and {Misch}, A. and 
	{Mueller}, J. and {Soyumer}, D. and {Woodard}, L. and {Baliunas}, S.~L. and 
	{Noyes}, R.~W. and {Hartmann}, L.~W. and {Porter}, A. and {Zwaan}, C. and 
	{Middelkoop}, F. and {Rutten}, R.~G.~M. and {Mihalas}, D.},
    title = "{CA II H and K measurements made at Mount Wilson Observatory, 1966-1983}",
  journal = {\apjs},
 keywords = {Stellar Activity, Stellar Composition, Stellar Spectrophotometry, Calcium, Continuous Spectra, Hydrogen, Potassium, Stellar Spectra},
     year = 1991,
    month = may,
   volume = 76,
    pages = {383-430},
      doi = {10.1086/191572},
   adsurl = {http://adsabs.harvard.edu/abs/1991ApJS...76..383D},
  adsnote = {Provided by the SAO/NASA Astrophysics Data System}
}

@ARTICLE{Isaacson2010,
   author = {{Isaacson}, H. and {Fischer}, D.},
    title = "{Chromospheric Activity and Jitter Measurements for 2630 Stars on the California Planet Search}",
  journal = {\apj},
archivePrefix = "arXiv",
   eprint = {1009.2301},
 primaryClass = "astro-ph.EP",
 keywords = {stars: activity, stars: chromospheres, stars: fundamental parameters},
     year = 2010,
    month = dec,
   volume = 725,
    pages = {875-885},
      doi = {10.1088/0004-637X/725/1/875},
   adsurl = {http://adsabs.harvard.edu/abs/2010ApJ...725..875I},
  adsnote = {Provided by the SAO/NASA Astrophysics Data System}
}

@ARTICLE{Livingston2007,
   author = {{Livingston}, W. and {Wallace}, L. and {White}, O.~R. and {Giampapa}, M.~S.
	},
    title = "{Sun-as-a-Star Spectrum Variations 1974-2006}",
  journal = {\apj},
   eprint = {astro-ph/0612554},
 keywords = {Instrumentation: Spectrographs, Sun: General},
     year = 2007,
    month = mar,
   volume = 657,
    pages = {1137-1149},
      doi = {10.1086/511127},
   adsurl = {http://adsabs.harvard.edu/abs/2007ApJ...657.1137L},
  adsnote = {Provided by the SAO/NASA Astrophysics Data System}
}

@ARTICLE{ONeal2001,
   author = {{O'Neal}, D. and {Neff}, J.~E. and {Saar}, S.~H. and {Mines}, J.~K.
	},
    title = "{Hydroxyl 1.563 Micron Absorption from Starspots on Active Stars}",
  journal = {\aj},
 keywords = {Stars: Activity, Stars: Atmospheres, Stars: Spots, Techniques: Spectroscopic},
     year = 2001,
    month = oct,
   volume = 122,
    pages = {1954-1964},
      doi = {10.1086/323093},
   adsurl = {http://adsabs.harvard.edu/abs/2001AJ....122.1954O},
  adsnote = {Provided by the SAO/NASA Astrophysics Data System}
}

@ARTICLE{ONeal2004,
   author = {{O'Neal}, D. and {Neff}, J.~E. and {Saar}, S.~H. and {Cuntz}, M.
	},
    title = "{Further Results of TiO-Band Observations of Starspots}",
  journal = {\aj},
 keywords = {Stars: Activity, Stars: Atmospheres, Stars: Spots, Techniques: Spectroscopic},
     year = 2004,
    month = oct,
   volume = 128,
    pages = {1802-1811},
      doi = {10.1086/423438},
   adsurl = {http://adsabs.harvard.edu/abs/2004AJ....128.1802O},
  adsnote = {Provided by the SAO/NASA Astrophysics Data System}
}

@ARTICLE{Newton1955,
   author = {{Newton}, H.~W.},
    title = "{The lineage of the great sunspots}",
  journal = {Vistas in Astronomy},
     year = 1955,
   volume = 1,
    pages = {666-674},
      doi = {10.1016/0083-6656(55)90081-7},
   adsurl = {http://adsabs.harvard.edu/abs/1955VA......1..666N},
  adsnote = {Provided by the SAO/NASA Astrophysics Data System}
}

@ARTICLE{Solanki2004,
   author = {{Solanki}, S.~K. and {Unruh}, Y.~C.},
    title = "{Spot sizes on Sun-like stars}",
  journal = {\mnras},
   eprint = {astro-ph/0311310},
 keywords = {sunspots, stars: activity, stars: late-type, stars: spots},
     year = 2004,
    month = feb,
   volume = 348,
    pages = {307-315},
      doi = {10.1111/j.1365-2966.2004.07368.x},
   adsurl = {http://adsabs.harvard.edu/abs/2004MNRAS.348..307S},
  adsnote = {Provided by the SAO/NASA Astrophysics Data System}
}

@ARTICLE{Husser2013,
   author = {{Husser}, T.-O. and {Wende-von Berg}, S. and {Dreizler}, S. and 
	{Homeier}, D. and {Reiners}, A. and {Barman}, T. and {Hauschildt}, P.~H.
	},
    title = "{A new extensive library of PHOENIX stellar atmospheres and synthetic spectra}",
  journal = {\aap},
archivePrefix = "arXiv",
   eprint = {1303.5632},
 primaryClass = "astro-ph.SR",
 keywords = {stars: atmospheres, convection, stars: late-type},
     year = 2013,
    month = may,
   volume = 553,
      eid = {A6},
    pages = {A6},
      doi = {10.1051/0004-6361/201219058},
   adsurl = {http://adsabs.harvard.edu/abs/2013A%26A...553A...6H},
  adsnote = {Provided by the SAO/NASA Astrophysics Data System}
}

@ARTICLE{Gastine2013,
   author = {{Gastine}, T. and {Morin}, J. and {Duarte}, L. and {Reiners}, A. and 
	{Christensen}, U.~R. and {Wicht}, J.},
    title = "{What controls the magnetic geometry of M dwarfs?}",
  journal = {\aap},
archivePrefix = "arXiv",
   eprint = {1212.0136},
 primaryClass = "astro-ph.SR",
 keywords = {dynamo, magnetohydrodynamics (MHD), stars: magnetic field, stars: rotation, stars: low-mass, brown dwarfs},
     year = 2013,
    month = jan,
   volume = 549,
      eid = {L5},
    pages = {L5},
      doi = {10.1051/0004-6361/201220317},
   adsurl = {http://adsabs.harvard.edu/abs/2013A%26A...549L...5G},
  adsnote = {Provided by the SAO/NASA Astrophysics Data System}
}

@ARTICLE{Schrijver2001,
   author = {{Schrijver}, C.~J. and {Title}, A.~M.},
    title = "{On the Formation of Polar Spots in Sun-like Stars}",
  journal = {\apj},
 keywords = {Stars: Activity, Stars: Magnetic Fields, Stars: Spots, Sun: Activity, Sun: Magnetic Fields},
     year = 2001,
    month = apr,
   volume = 551,
    pages = {1099-1106},
      doi = {10.1086/320237},
   adsurl = {http://adsabs.harvard.edu/abs/2001ApJ...551.1099S},
  adsnote = {Provided by the SAO/NASA Astrophysics Data System}
}

@ARTICLE{Egeland2017,
   author = {{Egeland}, R. and {Soon}, W. and {Baliunas}, S. and {Hall}, J.~C. and 
	{Pevtsov}, A.~A. and {Bertello}, L.},
    title = "{The Mount Wilson Observatory S-index of the Sun}",
  journal = {\apj},
archivePrefix = "arXiv",
   eprint = {1611.04540},
 primaryClass = "astro-ph.SR",
 keywords = {stars: activity, Sun: activity, Sun: chromosphere},
     year = 2017,
    month = jan,
   volume = 835,
      eid = {25},
    pages = {25},
      doi = {10.3847/1538-4357/835/1/25},
   adsurl = {http://adsabs.harvard.edu/abs/2017ApJ...835...25E},
  adsnote = {Provided by the SAO/NASA Astrophysics Data System}
}

@ARTICLE{Shapiro2014,
   author = {{Shapiro}, A.~I. and {Solanki}, S.~K. and {Krivova}, N.~A. and 
	{Schmutz}, W.~K. and {Ball}, W.~T. and {Knaack}, R. and {Rozanov}, E.~V. and 
	{Unruh}, Y.~C.},
    title = "{Variability of Sun-like stars: reproducing observed photometric trends}",
  journal = {\aap},
archivePrefix = "arXiv",
   eprint = {1406.2383},
 primaryClass = "astro-ph.SR",
 keywords = {Sun: activity, stars: activity, stars: solar-type, stars: variables: general, solar-terrestrial relations, Sun: atmosphere},
     year = 2014,
    month = sep,
   volume = 569,
      eid = {A38},
    pages = {A38},
      doi = {10.1051/0004-6361/201323086},
   adsurl = {http://adsabs.harvard.edu/abs/2014A%26A...569A..38S},
  adsnote = {Provided by the SAO/NASA Astrophysics Data System}
}

@ARTICLE{Waldmeier1971,
   author = {{Waldmeier}, M.},
    title = "{The asymmetry of solar activity in the years 1959 1969}",
  journal = {\solphys},
     year = 1971,
    month = nov,
   volume = 20,
    pages = {332-344},
      doi = {10.1007/BF00159763},
   adsurl = {http://adsabs.harvard.edu/abs/1971SoPh...20..332W},
  adsnote = {Provided by the SAO/NASA Astrophysics Data System}
}

@ARTICLE{Foukal1998,
   author = {{Foukal}, P.},
    title = "{What Determines the Relative Areas of Spots and Faculae on Sun-like Stars?}",
  journal = {\apj},
 keywords = {SUN: FACULAE, PLAGES, STARS: ACTIVITY, STARS: MAGNETIC FIELDS, SUN: SUNSPOTS, Stars: Activity, Stars: Magnetic Fields, Sun: Faculae, Plages, Sun: Sunspots},
     year = 1998,
    month = jun,
   volume = 500,
    pages = {958-965},
      doi = {10.1086/305764},
   adsurl = {http://adsabs.harvard.edu/abs/1998ApJ...500..958F},
  adsnote = {Provided by the SAO/NASA Astrophysics Data System}
}

@Misc{scipy,
  author =    {Eric Jones and Travis Oliphant and Pearu Peterson and others},
  title =     {{SciPy}: Open source scientific tools for {Python}},
  year =      {2001--},
  url = "http://www.scipy.org/",
  note = {[Online; accessed <today>]}
}

@ARTICLE{VanDerWalt2011,
   author = {{Van Der Walt}, S. and {Colbert}, S.~C. and {Varoquaux}, G.},
    title = "{The NumPy array: a structure for efficient numerical computation}",
  journal = {ArXiv e-prints},
archivePrefix = "arXiv",
   eprint = {1102.1523},
 primaryClass = "cs.MS",
 keywords = {Computer Science - Mathematical Software},
     year = 2011,
    month = feb,
   adsurl = {http://adsabs.harvard.edu/abs/2011arXiv1102.1523V},
  adsnote = {Provided by the SAO/NASA Astrophysics Data System}
}

@ARTICLE{matplotlib,
   author = {{Hunter}, J.~D.},
    title = "{Matplotlib: A 2D Graphics Environment}",
  journal = {Computing in Science and Engineering},
 keywords = {Python, Scripting languages, Application development, Scientific programming  },
     year = 2007,
    month = may,
   volume = 9,
    pages = {90-95},
      doi = {10.1109/MCSE.2007.55},
   adsurl = {http://adsabs.harvard.edu/abs/2007CSE.....9...90H},
  adsnote = {Provided by the SAO/NASA Astrophysics Data System}
}

@article{ipython,
 author = {Perez, Fernando and Granger, Brian E.},
 title = {IPython: A System for Interactive Scientific Computing},
 journal = {Computing in Science and Engg.},
 issue_date = {May 2007},
 volume = {9},
 number = {3},
 month = may,
 year = {2007},
 issn = {1521-9615},
 pages = {21--29},
 numpages = {9},
 url = {http://dx.doi.org/10.1109/MCSE.2007.53},
 doi = {10.1109/MCSE.2007.53},
 acmid = {1251831},
 publisher = {IEEE Educational Activities Department},
 address = {Piscataway, NJ, USA},
 keywords = {Python, Python, computer languages, scientific programming, scientific computing, computer languages, scientific computing, scientific programming},
} 

@ARTICLE{Hebb2017,
   author = {{Hebb}, L., and {Rohn}, G., {Davenport}, J. R. A., {Morris}, B. M., and {collaborators}},
    title = "{STSP: A starspot occultation model}",
     year = 2017
}

@ARTICLE{Astropy2013,
   author = {{Astropy Collaboration} and {Robitaille}, T.~P. and {Tollerud}, E.~J. and 
    {Greenfield}, P. and {Droettboom}, M. and {Bray}, E. and {Aldcroft}, T. and 
    {Davis}, M. and {Ginsburg}, A. and {Price-Whelan}, A.~M. and 
    {Kerzendorf}, W.~E. and {Conley}, A. and {Crighton}, N. and 
    {Barbary}, K. and {Muna}, D. and {Ferguson}, H. and {Grollier}, F. and 
    {Parikh}, M.~M. and {Nair}, P.~H. and {Unther}, H.~M. and {Deil}, C. and 
    {Woillez}, J. and {Conseil}, S. and {Kramer}, R. and {Turner}, J.~E.~H. and 
    {Singer}, L. and {Fox}, R. and {Weaver}, B.~A. and {Zabalza}, V. and 
    {Edwards}, Z.~I. and {Azalee Bostroem}, K. and {Burke}, D.~J. and 
    {Casey}, A.~R. and {Crawford}, S.~M. and {Dencheva}, N. and 
    {Ely}, J. and {Jenness}, T. and {Labrie}, K. and {Lian Lim}, P. and 
    {Pierfederici}, F. and {Pontzen}, A. and {Ptak}, A. and {Refsdal}, B. and 
    {Servillat}, M. and {Streicher}, O.},
    title = "{Astropy: A community Python package for astronomy}",
  journal = {\aap},
 keywords = {methods: data analysis, methods: miscellaneous, virtual observatory tools},
     year = 2013,
    month = oct,
   volume = 558,
      eid = {A33},
    pages = {A33},
      doi = {10.1051/0004-6361/201322068},
   adsurl = {http://adsabs.harvard.edu/abs/2013A%26A...558A..33A},
  adsnote = {Provided by the SAO/NASA Astrophysics Data System}
}

@article{xsede,
author = {John Towns, and Timothy Cockerill, and Maytal Dahan, and Ian Foster, and Kelly Gaither, and Andrew Grimshaw, and Victor Hazlewood, and Scott Lathrop, and Dave Lifka, and Gregory D. Peterson, and Ralph Roskies, and J. Ray Scott, and Nancy Wilkins-Diehr, },
title = {XSEDE: Accelerating Scientific Discovery},
journal = {Computing in Science \& Engineering},
volume = {16},
number = {5},
issn = {1521-9615},
year = {2014},
pages = {62-74},
doi = {doi.ieeecomputersociety.org/10.1109/MCSE.2014.80},
publisher = {IEEE Computer Society},
address = {Los Alamitos, CA, USA},
}

@article{osg,
  author={Ruth Pordes and Don Petravick and Bill Kramer and Doug Olson and Miron Livny and Alain Roy and Paul Avery and Kent
Blackburn and Torre Wenaus and Frank Würthwein and Ian Foster and Rob Gardner and Mike Wilde and Alan Blatecky and John
McGee and Rob Quick},
  title={The open science grid},
  journal={Journal of Physics: Conference Series},
  volume={78},
  number={1},
  pages={012057},
  url={http://stacks.iop.org/1742-6596/78/i=1/a=012057},
  year={2007},
  abstract={The Open Science Grid (OSG) provides a distributed facility where the Consortium members provide guaranteed and opportunistic access to shared computing and storage resources. OSG provides support for and evolution of the infrastructure through activities that cover operations, security, software, troubleshooting, addition of new capabilities, and support for existing and engagement with new communities. The OSG SciDAC-2 project provides specific activities to manage and evolve the distributed infrastructure and support it's use. The innovative aspects of the project are the maintenance and performance of a collaborative (shared & common) petascale national facility over tens of autonomous computing sites, for many hundreds of users, transferring terabytes of data a day, executing tens of thousands of jobs a day, and providing robust and usable resources for scientific groups of all types and sizes. More information can be found at the OSG web site: www.opensciencegrid.org.}
}

@Article{Charbonneau2010,
author="Charbonneau, Paul",
title="Dynamo Models of the Solar Cycle",
journal="Living Reviews in Solar Physics",
year="2010",
volume="7",
number="1",
pages="3",
abstract="This paper reviews recent advances and current debates in modeling the solar cycle as a hydromagnetic dynamo process. Emphasis is placed on (relatively) simple dynamo models that are nonetheless detailed enough to be comparable to solar cycle observations. After a brief overview of the dynamo problem and of key observational constraints, we begin by reviewing the various magnetic field regeneration mechanisms that have been proposed in the solar context. We move on to a presentation and critical discussion of extant solar cycle models based on these mechanisms. We then turn to the origin and consequences of fluctuations in these models, including amplitude and parity modulation, chaotic behavior, intermittency, and predictability. The paper concludes with a discussion of our current state of ignorance regarding various key questions relating to the explanatory framework offered by dynamo models of the solar cycle.",
issn="1614-4961",
doi="10.12942/lrsp-2010-3",
url="http://dx.doi.org/10.12942/lrsp-2010-3"
}

@Article{Cheung2014,
author="Cheung, Mark C. M.
and Isobe, Hiroaki",
title="Flux Emergence (Theory)",
journal="Living Reviews in Solar Physics",
year="2014",
volume="11",
number="1",
pages="3",
abstract="Magnetic flux emergence from the solar convection zone into the overlying atmosphere is the driver of a diverse range of phenomena associated with solar activity. In this article, we introduce theoretical concepts central to the study of flux emergence and discuss how the inclusion of different physical effects (e.g., magnetic buoyancy, magnetoconvection, reconnection, magnetic twist, interaction with ambient field) in models impact the evolution of the emerging field and plasma.",
issn="1614-4961",
doi="10.12942/lrsp-2014-3",
url="http://dx.doi.org/10.12942/lrsp-2014-3"
}

@INPROCEEDINGS{Ricker2014,
   author = {{Ricker}, G.~R. and {Winn}, J.~N. and {Vanderspek}, R. and {Latham}, D.~W. and 
	{Bakos}, G.~{\'A}. and {Bean}, J.~L. and {Berta-Thompson}, Z.~K. and 
	{Brown}, T.~M. and {Buchhave}, L. and {Butler}, N.~R. and {Butler}, R.~P. and 
	{Chaplin}, W.~J. and {Charbonneau}, D. and {Christensen-Dalsgaard}, J. and 
	{Clampin}, M. and {Deming}, D. and {Doty}, J. and {De Lee}, N. and 
	{Dressing}, C. and {Dunham}, E.~W. and {Endl}, M. and {Fressin}, F. and 
	{Ge}, J. and {Henning}, T. and {Holman}, M.~J. and {Howard}, A.~W. and 
	{Ida}, S. and {Jenkins}, J. and {Jernigan}, G. and {Johnson}, J.~A. and 
	{Kaltenegger}, L. and {Kawai}, N. and {Kjeldsen}, H. and {Laughlin}, G. and 
	{Levine}, A.~M. and {Lin}, D. and {Lissauer}, J.~J. and {MacQueen}, P. and 
	{Marcy}, G. and {McCullough}, P.~R. and {Morton}, T.~D. and 
	{Narita}, N. and {Paegert}, M. and {Palle}, E. and {Pepe}, F. and 
	{Pepper}, J. and {Quirrenbach}, A. and {Rinehart}, S.~A. and 
	{Sasselov}, D. and {Sato}, B. and {Seager}, S. and {Sozzetti}, A. and 
	{Stassun}, K.~G. and {Sullivan}, P. and {Szentgyorgyi}, A. and 
	{Torres}, G. and {Udry}, S. and {Villasenor}, J.},
    title = "{Transiting Exoplanet Survey Satellite (TESS)}",
booktitle = {Space Telescopes and Instrumentation 2014: Optical, Infrared, and Millimeter Wave},
     year = 2014,
   series = {\procspie},
   volume = 9143,
archivePrefix = "arXiv",
   eprint = {1406.0151},
 primaryClass = "astro-ph.EP",
    month = aug,
      eid = {914320},
    pages = {914320},
      doi = {10.1117/12.2063489},
   adsurl = {http://adsabs.harvard.edu/abs/2014SPIE.9143E..20R},
  adsnote = {Provided by the SAO/NASA Astrophysics Data System}
}

@ARTICLE{Parker1955a,
   author = {{Parker}, E.~N.},
    title = "{The Formation of Sunspots from the Solar Toroidal Field.}",
  journal = {\apj},
     year = 1955,
    month = mar,
   volume = 121,
    pages = {491},
      doi = {10.1086/146010},
   adsurl = {http://adsabs.harvard.edu/abs/1955ApJ...121..491P},
  adsnote = {Provided by the SAO/NASA Astrophysics Data System}
}


@ARTICLE{Parker1955b,
   author = {{Parker}, E.~N.},
    title = "{Hydromagnetic Dynamo Models.}",
  journal = {\apj},
     year = 1955,
    month = sep,
   volume = 122,
    pages = {293},
      doi = {10.1086/146087},
   adsurl = {http://adsabs.harvard.edu/abs/1955ApJ...122..293P},
  adsnote = {Provided by the SAO/NASA Astrophysics Data System}
}

@ARTICLE{Babcock1961,
   author = {{Babcock}, H.~W.},
    title = "{The Topology of the Sun's Magnetic Field and the 22-YEAR Cycle.}",
  journal = {\apj},
     year = 1961,
    month = mar,
   volume = 133,
    pages = {572},
      doi = {10.1086/147060},
   adsurl = {http://adsabs.harvard.edu/abs/1961ApJ...133..572B},
  adsnote = {Provided by the SAO/NASA Astrophysics Data System}
}

@ARTICLE{Morin2008,
   author = {{Morin}, J. and {Donati}, J.-F. and {Petit}, P. and {Delfosse}, X. and 
	{Forveille}, T. and {Albert}, L. and {Auri{\`e}re}, M. and {Cabanac}, R. and 
	{Dintrans}, B. and {Fares}, R. and {Gastine}, T. and {Jardine}, M.~M. and 
	{Ligni{\`e}res}, F. and {Paletou}, F. and {Ramirez Velez}, J.~C. and 
	{Th{\'e}ado}, S.},
    title = "{Large-scale magnetic topologies of mid M dwarfs}",
  journal = {\mnras},
archivePrefix = "arXiv",
   eprint = {0808.1423},
 keywords = {techniques: polarimetric , stars: activity , stars: low-mass, brown dwarfs , stars: magnetic fields , stars: rotation},
     year = 2008,
    month = oct,
   volume = 390,
    pages = {567-581},
      doi = {10.1111/j.1365-2966.2008.13809.x},
   adsurl = {http://adsabs.harvard.edu/abs/2008MNRAS.390..567M},
  adsnote = {Provided by the SAO/NASA Astrophysics Data System}
}

@ARTICLE{Silva2003,
   author = {{Silva}, A.~V.~R.},
    title = "{Method for Spot Detection on Solar-like Stars}",
  journal = {\apjl},
 keywords = {Eclipses, Stars: Planetary Systems, Stars: Spots, Sun: Sunspots},
     year = 2003,
    month = mar,
   volume = 585,
    pages = {L147-L150},
      doi = {10.1086/374324},
   adsurl = {http://adsabs.harvard.edu/abs/2003ApJ...585L.147S},
  adsnote = {Provided by the SAO/NASA Astrophysics Data System}
}

@ARTICLE{Lurie2015,
   author = {{Lurie}, J.~C. and {Davenport}, J.~R.~A. and {Hawley}, S.~L. and 
	{Wilkinson}, T.~D. and {Wisniewski}, J.~P. and {Kowalski}, A.~F. and 
	{Hebb}, L.},
    title = "{Kepler Flares III: Stellar Activity on GJ 1245A and B}",
  journal = {\apj},
archivePrefix = "arXiv",
   eprint = {1412.6109},
 primaryClass = "astro-ph.SR",
 keywords = {stars: activity, stars: low-mass, techniques: image processing},
     year = 2015,
    month = feb,
   volume = 800,
      eid = {95},
    pages = {95},
      doi = {10.1088/0004-637X/800/2/95},
   adsurl = {http://adsabs.harvard.edu/abs/2015ApJ...800...95L},
  adsnote = {Provided by the SAO/NASA Astrophysics Data System}
}

@ARTICLE{Reiners2012,
   author = {{Reiners}, A.},
    title = "{Observations of Cool-Star Magnetic Fields}",
  journal = {Living Reviews in Solar Physics},
archivePrefix = "arXiv",
   eprint = {1203.0241},
 primaryClass = "astro-ph.SR",
 keywords = {stars: activity, magnetic fields},
     year = 2012,
    month = feb,
   volume = 9,
      eid = {1},
    pages = {1},
      doi = {10.12942/lrsp-2012-1},
   adsurl = {http://adsabs.harvard.edu/abs/2012LRSP....9....1R},
  adsnote = {Provided by the SAO/NASA Astrophysics Data System}
}

@INPROCEEDINGS{Donati2011,
   author = {{Donati}, J.-F.},
    title = "{Large-scale magnetic fields of low-mass dwarfs: the many faces of dynamo}",
 keywords = {stars: magnetic fields, stars: imaging, stars: rotation, stars: late-type, techniques: polarimetry},
booktitle = {Astrophysical Dynamics: From Stars to Galaxies},
     year = 2011,
   series = {IAU Symposium},
   volume = 271,
   editor = {{Brummell}, N.~H. and {Brun}, A.~S. and {Miesch}, M.~S. and 
	{Ponty}, Y.},
    month = aug,
    pages = {23-31},
      doi = {10.1017/S1743921311017431},
   adsurl = {http://adsabs.harvard.edu/abs/2011IAUS..271...23D},
  adsnote = {Provided by the SAO/NASA Astrophysics Data System}
}

@INPROCEEDINGS{Saar1990,
   author = {{Saar}, S.~H.},
    title = "{Magnetic Fields on Solar-like Stars: The First Decade}",
booktitle = {Solar Photosphere: Structure, Convection, and Magnetic Fields},
     year = 1990,
   series = {IAU Symposium},
   volume = 138,
   editor = {{Stenflo}, J.~O.},
    pages = {427-441},
   adsurl = {http://adsabs.harvard.edu/abs/1990IAUS..138..427S},
  adsnote = {Provided by the SAO/NASA Astrophysics Data System}
}

@ARTICLE{Petit2008,
   author = {{Petit}, P. and {Dintrans}, B. and {Solanki}, S.~K. and {Donati}, J.-F. and 
	{Auri{\`e}re}, M. and {Ligni{\`e}res}, F. and {Morin}, J. and 
	{Paletou}, F. and {Ramirez Velez}, J. and {Catala}, C. and {Fares}, R.
	},
    title = "{Toroidal versus poloidal magnetic fields in Sun-like stars: a rotation threshold}",
  journal = {\mnras},
archivePrefix = "arXiv",
   eprint = {0804.1290},
 keywords = {stars: individual: HD 73350 , stars: individual: HD 76151 , stars: individual: HD 146233 , stars: individual: HD 190771 , stars: magnetic fields , stars: rotation},
     year = 2008,
    month = jul,
   volume = 388,
    pages = {80-88},
      doi = {10.1111/j.1365-2966.2008.13411.x},
   adsurl = {http://adsabs.harvard.edu/abs/2008MNRAS.388...80P},
  adsnote = {Provided by the SAO/NASA Astrophysics Data System}
}

@ARTICLE{Berdyugina2005,
   author = {{Berdyugina}, S.~V.},
    title = "{Starspots: A Key to the Stellar Dynamo}",
  journal = {Living Reviews in Solar Physics},
 keywords = {starspots, sunspots, stellar magnetic fields, stellar cycles, dynamo, differential rotation, Doppler imaging},
     year = 2005,
    month = dec,
   volume = 2,
      eid = {8},
    pages = {8},
      doi = {10.12942/lrsp-2005-8},
   adsurl = {http://adsabs.harvard.edu/abs/2005LRSP....2....8B},
  adsnote = {Provided by the SAO/NASA Astrophysics Data System}
}

@ARTICLE{Vogt1983,
   author = {{Vogt}, S.~S. and {Penrod}, G.~D.},
    title = "{Doppler Imaging of spotted stars - Application to the RS Canum Venaticorum star HR 1099}",
  journal = {\pasp},
 keywords = {Binary Stars, Imaging Techniques, Starspots, Coronal Holes, Doppler Effect, Line Spectra, Mapping, Stellar Rotation},
     year = 1983,
    month = sep,
   volume = 95,
    pages = {565-576},
      doi = {10.1086/131208},
   adsurl = {http://adsabs.harvard.edu/abs/1983PASP...95..565V},
  adsnote = {Provided by the SAO/NASA Astrophysics Data System}
}


@ARTICLE{Neff1995,
   author = {{Neff}, J.~E. and {O'Neal}, D. and {Saar}, S.~H.},
    title = "{Absolute Measurements of Starspot Area and Temperature: II Pegasi in 1989 October}",
  journal = {\apj},
 keywords = {STARS: ACTIVITY, STARS: INDIVIDUAL CONSTELLATION NAME: II PEGASI, STARS: LATE-TYPE, TECHNIQUES: SPECTROSCOPIC},
     year = 1995,
    month = oct,
   volume = 452,
    pages = {879},
      doi = {10.1086/176356},
   adsurl = {http://adsabs.harvard.edu/abs/1995ApJ...452..879N},
  adsnote = {Provided by the SAO/NASA Astrophysics Data System}
}

@ARTICLE{ONeal1996,
   author = {{O'Neal}, D. and {Saar}, S.~H. and {Neff}, J.~E.},
    title = "{Measurements of Starspot Area and Temperature on Five Active, Evolved Stars}",
  journal = {\apj},
 keywords = {STARS: ACTIVITY, STARS: ATMOSPHERES, TECHNIQUES: SPECTROSCOPIC, STARS: LATE-TYPE, STARS: MAGNETIC FIELDS},
     year = 1996,
    month = jun,
   volume = 463,
    pages = {766},
      doi = {10.1086/177288},
   adsurl = {http://adsabs.harvard.edu/abs/1996ApJ...463..766O},
  adsnote = {Provided by the SAO/NASA Astrophysics Data System}
}

@ARTICLE{Solanki2013,
   author = {{Solanki}, S.~K. and {Krivova}, N.~A. and {Haigh}, J.~D.},
    title = "{Solar Irradiance Variability and Climate}",
  journal = {\araa},
archivePrefix = "arXiv",
   eprint = {1306.2770},
 primaryClass = "astro-ph.SR",
     year = 2013,
    month = aug,
   volume = 51,
    pages = {311-351},
      doi = {10.1146/annurev-astro-082812-141007},
   adsurl = {http://adsabs.harvard.edu/abs/2013ARA%26A..51..311S},
  adsnote = {Provided by the SAO/NASA Astrophysics Data System}
}

@ARTICLE{Cincunegui2007,
   author = {{Cincunegui}, C. and {D{\'{\i}}az}, R.~F. and {Mauas}, P.~J.~D.
	},
    title = "{H{$\alpha$} and the Ca II H and K lines as activity proxies for late-type stars}",
  journal = {\aap},
   eprint = {astro-ph/0703511},
 keywords = {stars: late-type, stars: activity, stars: chromospheres},
     year = 2007,
    month = jul,
   volume = 469,
    pages = {309-317},
      doi = {10.1051/0004-6361:20066503},
   adsurl = {http://cdsads.u-strasbg.fr/abs/2007A%26A...469..309C},
  adsnote = {Provided by the SAO/NASA Astrophysics Data System}
}

@ARTICLE{Pace2013,
   author = {{Pace}, G.},
    title = "{Chromospheric activity as age indicator. An L-shaped chromospheric-activity versus age diagram}",
  journal = {\aap},
archivePrefix = "arXiv",
   eprint = {1301.5651},
 primaryClass = "astro-ph.SR",
 keywords = {stars: activity},
     year = 2013,
    month = mar,
   volume = 551,
      eid = {L8},
    pages = {L8},
      doi = {10.1051/0004-6361/201220364},
   adsurl = {http://cdsads.u-strasbg.fr/abs/2013A%26A...551L...8P},
  adsnote = {Provided by the SAO/NASA Astrophysics Data System}
}

@ARTICLE{Balmaceda2009,
   author = {{Balmaceda}, L.~A. and {Solanki}, S.~K. and {Krivova}, N.~A. and 
	{Foster}, S.},
    title = "{A homogeneous database of sunspot areas covering more than 130 years}",
  journal = {Journal of Geophysical Research (Space Physics)},
archivePrefix = "arXiv",
   eprint = {0906.0942},
 primaryClass = "astro-ph.SR",
 keywords = {Solar Physics, Astrophysics, and Astronomy: Solar and stellar variability (1650), Solar Physics, Astrophysics, and Astronomy: Solar activity cycle (2162), Solar Physics, Astrophysics, and Astronomy: Solar irradiance, History of Geophysics: Solar/planetary relationships, Solar Physics, Astrophysics, and Astronomy: Photosphere},
     year = 2009,
    month = jul,
   volume = 114,
      eid = {A07104},
    pages = {A07104},
      doi = {10.1029/2009JA014299},
   adsurl = {http://adsabs.harvard.edu/abs/2009JGRA..114.7104B},
  adsnote = {Provided by the SAO/NASA Astrophysics Data System}
}

@ARTICLE{Hayakawa2017,
       author = {{Hayakawa}, Hisashi and {Iwahashi}, Kiyomi and {Tamazawa}, Harufumi and
        {Ebihara}, Yusuke and {Kawamura}, Akito Davis and {Isobe},
        Hiroaki and {Namiki}, Katsuko and {Shibata}, Kazunari},
        title = "{Records of auroral candidates and sunspots in Rikkokushi, chronicles of
        ancient Japan from early 7th century to 887}",
      journal = {Publications of the Astronomical Society of Japan},
     keywords = {history and philosophy of astronomy, planets and satellites: aurorae,
        Sun: activity, Sun: flares, sunspots, Astrophysics - Solar and
        Stellar Astrophysics, Physics - History and Philosophy of
        Physics, Physics - Space Physics},
         year = 2017,
        month = Dec,
       volume = {69},
          eid = {86},
        pages = {86},
          doi = {10.1093/pasj/psx087},
 primaryClass = {astro-ph.SR},
       adsurl = {https://ui.adsabs.harvard.edu/#abs/2017PASJ...69...86H},
      adsnote = {Provided by the SAO/NASA Astrophysics Data System}
}

@BOOK{Galilei1613,
       author = {{Galilei}, Galileo and {Welser}, Marcus and {de Filiis}, Angelo},
        title = "{Istoria E dimostrazioni intorno alle macchie solari E loro accidenti
        comprese in tre lettere scritte all'illvstrissimo signor Marco
        Velseri ...}",
    booktitle = {Roma, G. Mascadi, 1613.},
         year = 1613,
       adsurl = {https://ui.adsabs.harvard.edu/#abs/1613idim.book.....G},
      adsnote = {Provided by the SAO/NASA Astrophysics Data System}
}

@ARTICLE{Hale1919,
       author = {{Hale}, George E. and {Ellerman}, Ferdinand and {Nicholson}, S.~B. and
        {Joy}, A.~H.},
        title = "{The Magnetic Polarity of Sun-Spots}",
      journal = {\apj},
         year = 1919,
        month = Apr,
       volume = {49},
        pages = {153},
          doi = {10.1086/142452},
       adsurl = {https://ui.adsabs.harvard.edu/#abs/1919ApJ....49..153H},
      adsnote = {Provided by the SAO/NASA Astrophysics Data System}
}

@ARTICLE{Hale1908,
       author = {{Hale}, George E.},
        title = "{On the Probable Existence of a Magnetic Field in Sun-Spots}",
      journal = {\apj},
         year = 1908,
        month = Nov,
       volume = {28},
        pages = {315},
          doi = {10.1086/141602},
       adsurl = {https://ui.adsabs.harvard.edu/#abs/1908ApJ....28..315H},
      adsnote = {Provided by the SAO/NASA Astrophysics Data System}
}

@INPROCEEDINGS{Larmor1919,
   author = {{Larmor}, Joseph},
    title = "{How could a Rotating Body such as the Sun become a Magnet?}",
booktitle = {Report of the British Association for the Advancement of Science 87th Meeting },
     year = 1919,
     pages = {159-160}
}

@ARTICLE{Hale1925,
   author = {{Hale}, G.~E. and {Nicholson}, S.~B.},
    title = "{The Law of Sun-Spot Polarity}",
  journal = {\apj},
     year = 1925,
    month = nov,
   volume = 62,
    pages = {270},
      doi = {10.1086/142933},
   adsurl = {http://adsabs.harvard.edu/abs/1925ApJ....62..270H},
  adsnote = {Provided by the SAO/NASA Astrophysics Data System}
}

@ARTICLE{Wilson1774,
       author = {{Wilson}, Alexander and {Maskelyne}, Nevil},
        title = "{Observations on the Solar Spots. By Alexander Wilson, M. D. Professor of
        Practical Astronomy in the University of Glasgow. Communicated
        by the Rev. Nevil Maskelyne, Astronomer Royal}",
      journal = {Philosophical Transactions of the Royal Society of London Series I},
         year = 1774,
        month = Jan,
       volume = {64},
        pages = {1-30},
       adsurl = {https://ui.adsabs.harvard.edu/#abs/1774RSPT...64....1W},
      adsnote = {Provided by the SAO/NASA Astrophysics Data System}
}

@ARTICLE{Cowling1933,
   author = {{Cowling}, T.~G.},
    title = "{The magnetic field of sunspots}",
  journal = {\mnras},
     year = 1933,
    month = nov,
   volume = 94,
    pages = {39-48},
      doi = {10.1093/mnras/94.1.39},
   adsurl = {http://adsabs.harvard.edu/abs/1933MNRAS..94...39C},
  adsnote = {Provided by the SAO/NASA Astrophysics Data System}
}

@article {Hathaway2010,
	author = {Hathaway, David H. and Rightmire, Lisa},
	title = {Variations in the Sun{\textquoteright}s Meridional Flow over a Solar Cycle},
	volume = {327},
	number = {5971},
	pages = {1350--1352},
	year = {2010},
	doi = {10.1126/science.1181990},
	publisher = {American Association for the Advancement of Science},
	abstract = {The Sun{\textquoteright}s meridional flow is an axisymmetric flow that is generally directed from its equator toward its poles at the surface. The structure and strength of the meridional flow determine both the strength of the Sun{\textquoteright}s polar magnetic field and the intensity of sunspot cycles. We determine the meridional flow speed of magnetic features on the Sun using data from the Solar and Heliospheric Observatory. The average flow is poleward at all latitudes up to 75{\textdegree}, which suggests that it extends to the poles. It was faster at sunspot cycle minimum than at maximum and substantially faster on the approach to the current minimum than it was at the last solar minimum. This result may help to explain why this solar activity minimum is so peculiar.},
	issn = {0036-8075},
	URL = {http://science.sciencemag.org/content/327/5971/1350},
	eprint = {http://science.sciencemag.org/content/327/5971/1350.full.pdf},
	journal = {Science}
}

@ARTICLE{Alfven1942,
       author = {{Alfv{\'e}n}, H.},
        title = "{Existence of Electromagnetic-Hydrodynamic Waves}",
      journal = {\nat},
         year = 1942,
        month = Oct,
       volume = {150},
        pages = {405-406},
          doi = {10.1038/150405d0},
       adsurl = {https://ui.adsabs.harvard.edu/#abs/1942Natur.150..405A},
      adsnote = {Provided by the SAO/NASA Astrophysics Data System}
}

@ARTICLE{Ossendrijver2003,
       author = {{Ossendrijver}, Mathieu},
        title = "{The solar dynamo}",
      journal = {Astronomy and Astrophysics Review},
     keywords = {Sun: magnetic fields, Magnetohydrodynamics (MHD), convection, stars:
        magnetic fields},
         year = 2003,
        month = Jan,
       volume = {11},
        pages = {287-367},
          doi = {10.1007/s00159-003-0019-3},
       adsurl = {https://ui.adsabs.harvard.edu/#abs/2003A&ARv..11..287O},
      adsnote = {Provided by the SAO/NASA Astrophysics Data System}
}

@ARTICLE{Cheung2014,
       author = {{Cheung}, Mark C.~M. and {Isobe}, Hiroaki},
        title = "{Flux Emergence (Theory)}",
      journal = {Living Reviews in Solar Physics},
     keywords = {Radiative transfer, Active regions, Magnetohydrodynamics (MHD), Flux
        emergence, Reconnection, Convection, Plasma physics},
         year = 2014,
        month = Jul,
       volume = {11},
          eid = {3},
        pages = {3},
          doi = {10.12942/lrsp-2014-3},
       adsurl = {https://ui.adsabs.harvard.edu/#abs/2014LRSP...11....3C},
      adsnote = {Provided by the SAO/NASA Astrophysics Data System}
}

@ARTICLE{Charbonneau2014,
       author = {{Charbonneau}, Paul},
        title = "{Solar Dynamo Theory}",
      journal = {Annual Review of Astronomy and Astrophysics}, 
         year = 2014,
        month = Aug,
       volume = {52},
        pages = {251-290},
          doi = {10.1146/annurev-astro-081913-040012},
       adsurl = {https://ui.adsabs.harvard.edu/#abs/2014ARA&A..52..251C},
      adsnote = {Provided by the SAO/NASA Astrophysics Data System}
}

@ARTICLE{Rempel2011,
       author = {{Rempel}, Matthias and {Schlichenmaier}, Rolf},
        title = "{Sunspot Modeling: From Simplified Models to Radiative MHD Simulations}",
      journal = {Living Reviews in Solar Physics},
     keywords = {Sunspots, Magnetohydrodynamics (MHD)},
         year = 2011,
        month = Sep,
       volume = {8},
          eid = {3},
        pages = {3},
          doi = {10.12942/lrsp-2011-3},
       adsurl = {https://ui.adsabs.harvard.edu/#abs/2011LRSP....8....3R},
      adsnote = {Provided by the SAO/NASA Astrophysics Data System}
}

@ARTICLE{Dikpati2006,
       author = {{Dikpati}, Mausumi and {Gilman}, Peter A.},
        title = "{Simulating and Predicting Solar Cycles Using a Flux-Transport Dynamo}",
      journal = {\apj},
     keywords = {Sun: Activity, Sun: Magnetic Fields},
         year = 2006,
        month = Sep,
       volume = {649},
        pages = {498-514},
          doi = {10.1086/506314},
       adsurl = {https://ui.adsabs.harvard.edu/#abs/2006ApJ...649..498D},
      adsnote = {Provided by the SAO/NASA Astrophysics Data System}
}

@ARTICLE{Astropy2018,
   author = {{The Astropy Collaboration} and {Price-Whelan}, A.~M. and {Sip{\H o}cz}, B.~M. and
   {G{\"u}nther}, H.~M. and {Lim}, P.~L. and {Crawford}, S.~M. and
   {Conseil}, S. and {Shupe}, D.~L. and {Craig}, M.~W. and {Dencheva}, N. and
   {Ginsburg}, A. and {VanderPlas}, J.~T. and {Bradley}, L.~D. and
   {P{\'e}rez-Su{\'a}rez}, D. and {de Val-Borro}, M. and {Aldcroft}, T.~L. and
   {Cruz}, K.~L. and {Robitaille}, T.~P. and {Tollerud}, E.~J. and
   {Ardelean}, C. and {Babej}, T. and {Bachetti}, M. and {Bakanov}, A.~V. and
   {Bamford}, S.~P. and {Barentsen}, G. and {Barmby}, P. and {Baumbach}, A. and
   {Berry}, K.~L. and {Biscani}, F. and {Boquien}, M. and {Bostroem}, K.~A. and
   {Bouma}, L.~G. and {Brammer}, G.~B. and {Bray}, E.~M. and {Breytenbach}, H. and
   {Buddelmeijer}, H. and {Burke}, D.~J. and {Calderone}, G. and
   {Cano Rodr{\'{\i}}guez}, J.~L. and {Cara}, M. and {Cardoso}, J.~V.~M. and
   {Cheedella}, S. and {Copin}, Y. and {Crichton}, D. and {D{\'A}vella}, D. and
   {Deil}, C. and {Depagne}, {\'E}. and {Dietrich}, J.~P. and {Donath}, A. and
   {Droettboom}, M. and {Earl}, N. and {Erben}, T. and {Fabbro}, S. and
   {Ferreira}, L.~A. and {Finethy}, T. and {Fox}, R.~T. and {Garrison}, L.~H. and
   {Gibbons}, S.~L.~J. and {Goldstein}, D.~A. and {Gommers}, R. and
   {Greco}, J.~P. and {Greenfield}, P. and {Groener}, A.~M. and
   {Grollier}, F. and {Hagen}, A. and {Hirst}, P. and {Homeier}, D. and
   {Horton}, A.~J. and {Hosseinzadeh}, G. and {Hu}, L. and {Hunkeler}, J.~S. and
   {Ivezi{\'c}}, {\v Z}. and {Jain}, A. and {Jenness}, T. and {Kanarek}, G. and
   {Kendrew}, S. and {Kern}, N.~S. and {Kerzendorf}, W.~E. and
   {Khvalko}, A. and {King}, J. and {Kirkby}, D. and {Kulkarni}, A.~M. and
   {Kumar}, A. and {Lee}, A. and {Lenz}, D. and {Littlefair}, S.~P. and
   {Ma}, Z. and {Macleod}, D.~M. and {Mastropietro}, M. and {McCully}, C. and
   {Montagnac}, S. and {Morris}, B.~M. and {Mueller}, M. and {Mumford}, S.~J. and
   {Muna}, D. and {Murphy}, N.~A. and {Nelson}, S. and {Nguyen}, G.~H. and
   {Ninan}, J.~P. and {N{\"o}the}, M. and {Ogaz}, S. and {Oh}, S. and
   {Parejko}, J.~K. and {Parley}, N. and {Pascual}, S. and {Patil}, R. and
   {Patil}, A.~A. and {Plunkett}, A.~L. and {Prochaska}, J.~X. and
   {Rastogi}, T. and {Reddy Janga}, V. and {Sabater}, J. and {Sakurikar}, P. and
   {Seifert}, M. and {Sherbert}, L.~E. and {Sherwood-Taylor}, H. and
   {Shih}, A.~Y. and {Sick}, J. and {Silbiger}, M.~T. and {Singanamalla}, S. and
   {Singer}, L.~P. and {Sladen}, P.~H. and {Sooley}, K.~A. and
   {Sornarajah}, S. and {Streicher}, O. and {Teuben}, P. and {Thomas}, S.~W. and
   {Tremblay}, G.~R. and {Turner}, J.~E.~H. and {Terr{\'o}n}, V. and
   {van Kerkwijk}, M.~H. and {de la Vega}, A. and {Watkins}, L.~L. and
   {Weaver}, B.~A. and {Whitmore}, J.~B. and {Woillez}, J. and
   {Zabalza}, V.},
    title = "{The Astropy Project: Building an inclusive, open-science project and status of the v2.0 core package}",
  journal = {ArXiv e-prints},
archivePrefix = "arXiv",
   eprint = {1801.02634},
 primaryClass = "astro-ph.IM",
 keywords = {Astrophysics - Instrumentation and Methods for Astrophysics},
     year = 2018,
    month = jan,
   adsurl = {http://adsabs.harvard.edu/abs/2018arXiv180102634T},
  adsnote = {Provided by the SAO/NASA Astrophysics Data System}
}

@ARTICLE{Morris2017a,
   author = {{Morris}, B.~M. and {Hebb}, L. and {Davenport}, J.~R.~A. and 
	{Rohn}, G. and {Hawley}, S.~L.},
    title = "{The Starspots of HAT-P-11: Evidence for a Solar-like Dynamo}",
  journal = {\apj},
archivePrefix = "arXiv",
   eprint = {1708.02583},
 primaryClass = "astro-ph.SR",
 keywords = {stars: activity, stars: magnetic field, starspots, sunspots },
     year = 2017,
    month = sep,
   volume = 846,
      eid = {99},
    pages = {99},
      doi = {10.3847/1538-4357/aa8555},
   adsurl = {http://adsabs.harvard.edu/abs/2017ApJ...846...99M},
  adsnote = {Provided by the SAO/NASA Astrophysics Data System}
}

@ARTICLE{Morris2017b,
   author = {{Morris}, B.~M. and {Hawley}, S.~L. and {Hebb}, L. and {Sakari}, C. and 
	{Davenport}, J.~R.~A. and {Isaacson}, H. and {Howard}, A.~W. and 
	{Montet}, B.~T. and {Agol}, E.},
    title = "{Chromospheric Activity of HAT-P-11: An Unusually Active Planet-hosting K Star}",
  journal = {\apj},
archivePrefix = "arXiv",
   eprint = {1709.03913},
 primaryClass = "astro-ph.SR",
 keywords = {methods: observational, planet{\ndash}star interactions, stars: activity, stars: chromospheres, starspots},
     year = 2017,
    month = oct,
   volume = 848,
      eid = {58},
    pages = {58},
      doi = {10.3847/1538-4357/aa8cca},
   adsurl = {http://adsabs.harvard.edu/abs/2017ApJ...848...58M},
  adsnote = {Provided by the SAO/NASA Astrophysics Data System}
}


@ARTICLE{Stefansson2018,
       author = {{Stefansson}, Gudmundur and {Mahadevan}, Suvrath and {Wisniewski}, John
        and {Li}, Yiting and {Maney}, Marissa and {Hebb}, Leslie and
        {Morris}, Brett and {Halverson}, Samuel and {Monson}, Andrew and
        {Robertson}, Paul},
        title = "{Extreme precision photometry from the ground with beam-shaping diffusers
        for K2, TESS and beyond}",
      journal = {ArXiv e-prints},
     keywords = {Astrophysics - Instrumentation and Methods for Astrophysics,
        Astrophysics - Earth and Planetary Astrophysics},
         year = 2018,
        month = Aug,
          eid = {arXiv:1808.02187},
        pages = {arXiv:1808.02187},
archivePrefix = {arXiv},
       eprint = {1808.02187},
 primaryClass = {astro-ph.IM},
       adsurl = {https://ui.adsabs.harvard.edu/#abs/2018arXiv180802187S},
      adsnote = {Provided by the SAO/NASA Astrophysics Data System}
}


@ARTICLE{Morris2018d,
   author = {{Morris}, B.~M. and {Hawley}, S.~L. and {Hebb}, L.},
    title = "{Large Starspot Groups on HAT-P-11 in Activity Cycle 1}",
  journal = {Research Notes of the American Astronomical Society},
archivePrefix = "arXiv",
   eprint = {1801.10076},
 primaryClass = "astro-ph.SR",
     year = 2018,
    month = feb,
   volume = 2,
      eid = {26},
    pages = {26},
      doi = {10.3847/2515-5172/aaac2e},
   adsurl = {http://adsabs.harvard.edu/abs/2018RNAAS...2...26M},
  adsnote = {Provided by the SAO/NASA Astrophysics Data System}
}


@ARTICLE{Morris2018c,
   author = {{Morris}, B.~M. and {Agol}, E. and {Davenport}, J.~R.~A. and 
	{Hawley}, S.~L.},
    title = "{Possible Bright Starspots on TRAPPIST-1}",
  journal = {\apj},
archivePrefix = "arXiv",
   eprint = {1803.04543},
 primaryClass = "astro-ph.SR",
 keywords = {stars: activity, stars: atmospheres, stars: flare, stars: individual: TRAPPIST-1, stars: low-mass, starspots },
     year = 2018,
    month = apr,
   volume = 857,
      eid = {39},
    pages = {39},
      doi = {10.3847/1538-4357/aab6a5},
   adsurl = {http://adsabs.harvard.edu/abs/2018ApJ...857...39M},
  adsnote = {Provided by the SAO/NASA Astrophysics Data System}
}

@ARTICLE{Morris2018b,
   author = {{Morris}, B.~M. and {Agol}, E. and {Davenport}, J.R.A. and 
	{Hawley}, S.L.},
    title = "{Spotting stellar activity cycles in Gaia astrometry}",
  journal = {\mnras},
 primaryClass = "astro-ph.SR",
     year = 2018,
}

@ARTICLE{Morris2018a,
   author = {{Morris}, B.~M. and {Agol}, E. and {Hawley}, S.~L.},
    title = "{Photometric Analysis and Transit Times of TRAPPIST-1 B and C}",
  journal = {Research Notes of the American Astronomical Society},
archivePrefix = "arXiv",
   eprint = {1801.04460},
 primaryClass = "astro-ph.EP",
     year = 2018,
    month = jan,
   volume = 2,
      eid = {10},
    pages = {10},
      doi = {10.3847/2515-5172/aaa6cd},
   adsurl = {http://adsabs.harvard.edu/abs/2018RNAAS...2...10M},
  adsnote = {Provided by the SAO/NASA Astrophysics Data System}
}

@article{aesop,
  doi = {10.21105/joss.00854},
  url = {https://doi.org/10.21105/joss.00854},
  year  = {2018},
  month = {aug},
  publisher = {The Open Journal},
  volume = {3},
  number = {28},
  pages = {854},
  author = {Brett M. Morris and Trevor Dorn-Wallenstein},
  title = {aesop: {ARC} Echelle Spectroscopic Observation Pipeline},
  journal = {Journal of Open Source Software}
}

@ARTICLE{vonEssen2018,
       author = {{von Essen}, C. and {Ofir}, A. and {Dreizler}, S. and {Agol}, E. and
        {Freudenthal}, J. and {Hern{\'a}ndez}, J. and {Wedemeyer}, S.
        and {Parkash}, V. and {Deeg}, H.~J. and {Hoyer}, S. and
        {Morris}, B.~M. and {Becker}, A.~C. and {Sun}, L. and {Gu},
        S.~H. and {Herrero}, E. and {Tal-Or}, L. and {Poppenhaeger}, K.
        and {Mallonn}, M. and {Albrecht}, S. and {Khalafinejad}, S. and
        {Boumis}, P. and {Delgado-Correal}, C. and {Fabrycky}, D.~C. and
        {Janulis}, R. and {Lalitha}, S. and {Liakos}, A. and
        {Mikolaitis}, {\v{S}}. and {Moyano D'Angelo}, M.~L. and {Sokov},
        E. and {Pak{\v{s}}tien{\.{e}}}, E. and {Popov}, A. and
        {Krushinsky}, V. and {Ribas}, I. and {Rodr{\'\i}guez S.}, M.~M.
        and {Rusov}, S. and {Sokova}, I. and {Tautvai{\v{s}}ien{\.{e}}},
        G. and {Wang}, X.},
        title = "{Kepler Object of Interest Network. I. First results combining ground-
        and space-based observations of Kepler systems with transit
        timing variations}",
      journal = {\aap},
     keywords = {instrumentation: photometers, methods: data analysis, techniques:
        photometric, planets and satellites: dynamical evolution and
        stability, Astrophysics - Earth and Planetary Astrophysics},
         year = 2018,
        month = Jul,
       volume = {615},
          eid = {A79},
        pages = {A79},
          doi = {10.1051/0004-6361/201732483},
 primaryClass = {astro-ph.EP},
       adsurl = {https://ui.adsabs.harvard.edu/#abs/2018A&A...615A..79V},
      adsnote = {Provided by the SAO/NASA Astrophysics Data System}
}

@ARTICLE{Morris2018e,
       author = {{Morris}, Brett M. and {Agol}, Eric and {Hebb}, Leslie and {Hawley},
        Suzanne L.},
        title = "{Robust Transiting Exoplanet Radii in the Presence of Starspots from
        Ingress and Egress Durations}",
      journal = {\aj},
     keywords = {eclipses, planets and satellites: fundamental parameters, stars:
        activity, stars: magnetic field, starspots, Astrophysics - Solar
        and Stellar Astrophysics, Astrophysics - Earth and Planetary
        Astrophysics},
         year = 2018,
        month = Sep,
       volume = {156},
          eid = {91},
        pages = {91},
          doi = {10.3847/1538-3881/aad3b7},
 primaryClass = {astro-ph.SR},
       adsurl = {https://ui.adsabs.harvard.edu/#abs/2018AJ....156...91M},
      adsnote = {Provided by the SAO/NASA Astrophysics Data System}
}

@ARTICLE{Morris2018f,
       author = {{Morris}, Brett M. and {Agol}, Eric and {Hebb}, Leslie and {Hawley},
        Suzanne L. and {Gillon}, Micha{\"e}l and {Ducrot}, Elsa and
        {Delrez}, Laetitia and {Ingalls}, James and {Demory}, Brice-
        Olivier},
        title = "{Non-detection of Contamination by Stellar Activity in the Spitzer
        Transit Light Curves of TRAPPIST-1}",
      journal = {\apj},
     keywords = {planets and satellites: fundamental parameters, planets and satellites:
        terrestrial planets, stars: activity, stars: late-type, stars:
        magnetic field, Astrophysics - Solar and Stellar Astrophysics,
        Astrophysics - Earth and Planetary Astrophysics},
         year = 2018,
        month = Aug,
       volume = {863},
          eid = {L32},
        pages = {L32},
          doi = {10.3847/2041-8213/aad8aa},
 primaryClass = {astro-ph.SR},
       adsurl = {https://ui.adsabs.harvard.edu/#abs/2018ApJ...863L..32M},
      adsnote = {Provided by the SAO/NASA Astrophysics Data System}
}


@ARTICLE{astroplan,
   author = {{Morris}, B.~M. and {Tollerud}, E. and {Sip{\H o}cz}, B. and 
	{Deil}, C. and {Douglas}, S.~T. and {Berlanga Medina}, J. and 
	{Vyhmeister}, K. and {Smith}, T.~R. and {Littlefair}, S. and 
	{Price-Whelan}, A.~M. and {Gee}, W.~T. and {Jeschke}, E.},
    title = "{astroplan: An Open Source Observation Planning Package in Python}",
  journal = {\aj},
archivePrefix = "arXiv",
   eprint = {1712.09631},
 primaryClass = "astro-ph.IM",
 keywords = {methods: numerical, methods: observational },
     year = 2018,
    month = mar,
   volume = 155,
      eid = {128},
    pages = {128},
      doi = {10.3847/1538-3881/aaa47e},
   adsurl = {http://adsabs.harvard.edu/abs/2018AJ....155..128M},
  adsnote = {Provided by the SAO/NASA Astrophysics Data System}
}

@ARTICLE{Solanki2013,
       author = {{Solanki}, Sami K. and {Krivova}, Natalie A. and {Haigh}, Joanna D.},
        title = "{Solar Irradiance Variability and Climate}",
      journal = {Annual Review of Astronomy and Astrophysics},
     keywords = {Astrophysics - Solar and Stellar Astrophysics, Astrophysics - Earth and
        Planetary Astrophysics},
         year = 2013,
        month = Aug,
       volume = {51},
        pages = {311-351},
          doi = {10.1146/annurev-astro-082812-141007},
archivePrefix = {arXiv},
       eprint = {1306.2770},
 primaryClass = {astro-ph.SR},
       adsurl = {https://ui.adsabs.harvard.edu/#abs/2013ARA&A..51..311S},
      adsnote = {Provided by the SAO/NASA Astrophysics Data System}
}

@ARTICLE{Morris2018g,
       author = {{Morris}, Brett M. and {Curtis}, Jason L. and {Douglas}, Stephanie T.
        and {Hawley}, Suzanne L. and {Ag{\"u}eros}, Marcel A. and
        {Bobra}, Monica G. and {Agol}, Eric},
        title = "{Are Starspots and Plages Co-located on Active G and K Stars?}",
      journal = {\aj},
     keywords = {stars: activity, stars: chromospheres, stars: fundamental parameters, starspots, stars: rotation, Astrophysics - Solar and Stellar Astrophysics},
         year = 2018,
        month = Nov,
       volume = {156},
          eid = {203},
        pages = {203},
          doi = {10.3847/1538-3881/aae1ab},
archivePrefix = {arXiv},
       eprint = {1809.04522},
 primaryClass = {astro-ph.SR},
       adsurl = {https://ui.adsabs.harvard.edu/\#abs/2018AJ....156..203M},
      adsnote = {Provided by the SAO/NASA Astrophysics Data System}
}

