
@ARTICLE{Astropy2013,
   author = {{Astropy Collaboration} and {Robitaille}, T.~P. and {Tollerud}, E.~J. and 
    {Greenfield}, P. and {Droettboom}, M. and {Bray}, E. and {Aldcroft}, T. and 
    {Davis}, M. and {Ginsburg}, A. and {Price-Whelan}, A.~M. and 
    {Kerzendorf}, W.~E. and {Conley}, A. and {Crighton}, N. and 
    {Barbary}, K. and {Muna}, D. and {Ferguson}, H. and {Grollier}, F. and 
    {Parikh}, M.~M. and {Nair}, P.~H. and {Unther}, H.~M. and {Deil}, C. and 
    {Woillez}, J. and {Conseil}, S. and {Kramer}, R. and {Turner}, J.~E.~H. and 
    {Singer}, L. and {Fox}, R. and {Weaver}, B.~A. and {Zabalza}, V. and 
    {Edwards}, Z.~I. and {Azalee Bostroem}, K. and {Burke}, D.~J. and 
    {Casey}, A.~R. and {Crawford}, S.~M. and {Dencheva}, N. and 
    {Ely}, J. and {Jenness}, T. and {Labrie}, K. and {Lian Lim}, P. and 
    {Pierfederici}, F. and {Pontzen}, A. and {Ptak}, A. and {Refsdal}, B. and 
    {Servillat}, M. and {Streicher}, O.},
    title = "{Astropy: A community Python package for astronomy}",
  journal = {\aap},
 keywords = {methods: data analysis, methods: miscellaneous, virtual observatory tools},
     year = 2013,
    month = oct,
   volume = 558,
      eid = {A33},
    pages = {A33},
      doi = {10.1051/0004-6361/201322068},
   adsurl = {http://adsabs.harvard.edu/abs/2013A%26A...558A..33A},
  adsnote = {Provided by the SAO/NASA Astrophysics Data System}
}


@Misc{scipy,
  author =    {Eric Jones and Travis Oliphant and Pearu Peterson and others},
  title =     {{SciPy}: Open source scientific tools for {Python}},
  year =      {2001},
  url = "http://www.scipy.org/",
}

@ARTICLE{VanDerWalt2011,
   author = {{Van Der Walt}, S. and {Colbert}, S.~C. and {Varoquaux}, G.},
    title = "{The NumPy array: a structure for efficient numerical computation}",
  journal = {ArXiv e-prints},
archivePrefix = "arXiv",
   eprint = {1102.1523},
 primaryClass = "cs.MS",
 keywords = {Computer Science - Mathematical Software},
     year = 2011,
    month = feb,
   adsurl = {http://adsabs.harvard.edu/abs/2011arXiv1102.1523V},
  adsnote = {Provided by the SAO/NASA Astrophysics Data System}
}

@ARTICLE{matplotlib,
   author = {{Hunter}, J.~D.},
    title = "{Matplotlib: A 2D Graphics Environment}",
  journal = {Computing in Science and Engineering},
 keywords = {Python, Scripting languages, Application development, Scientific programming  },
     year = 2007,
    month = may,
   volume = 9,
    pages = {90-95},
      doi = {10.1109/MCSE.2007.55},
   adsurl = {http://adsabs.harvard.edu/abs/2007CSE.....9...90H},
  adsnote = {Provided by the SAO/NASA Astrophysics Data System}
}

@article{ipython,
 author = {Perez, Fernando and Granger, Brian E.},
 title = {IPython: A System for Interactive Scientific Computing},
 journal = {Computing in Science and Engg.},
 issue_date = {May 2007},
 volume = {9},
 number = {3},
 month = may,
 year = {2007},
 issn = {1521-9615},
 pages = {21--29},
 numpages = {9},
 url = {http://dx.doi.org/10.1109/MCSE.2007.53},
 doi = {10.1109/MCSE.2007.53},
 acmid = {1251831},
 publisher = {IEEE Educational Activities Department},
 address = {Piscataway, NJ, USA},
 keywords = {Python, Python, computer languages, scientific programming, scientific computing, computer languages, scientific computing, scientific programming},
} 


@MISC{2013ascl.soft04002G,
   author = {{Greenfield}, P. and {Robitaille}, T. and {Tollerud}, E. and
	{Aldcroft}, T. and {Barbary}, K. and {Barrett}, P. and {Bray}, E. and
	{Crighton}, N. and {Conley}, A. and {Conseil}, S. and {Davis}, M. and
	{Deil}, C. and {Dencheva}, N. and {Droettboom}, M. and {Ferguson}, H. and
	{Ginsburg}, A. and {Grollier}, F. and {Moritz G{\"u}nther}, H. and
	{Hanley}, C. and {Hsu}, J.~C. and {Kerzendorf}, W. and {Kramer}, R. and
	{Lian Lim}, P. and {Muna}, D. and {Nair}, P. and {Price-Whelan}, A. and
	{Shiga}, D. and {Singer}, L. and {Taylor}, J. and {Turner}, J. and
	{Woillez}, J. and {Zabalza}, V.},
    title = "{Astropy: Community Python library for astronomy}",
 keywords = {Software },
howpublished = {Astrophysics Source Code Library},
     year = 2013,
    month = apr,
archivePrefix = "ascl",
   eprint = {1304.002},
   adsurl = {http://adsabs.harvard.edu/abs/2013ascl.soft04002G},
  adsnote = {Provided by the SAO/NASA Astrophysics Data System}
}

@INPROCEEDINGS{Morris2016,
   author = {{Morris}, B.},
    title = "{astroplan: Observation Planning for Astronomers}",
booktitle = {Python in Astronomy 2016},
     year = 2016,
    month = mar,
      eid = {19},
    pages = {19},
      doi = {10.5281/zenodo.54845},
   adsurl = {http://adsabs.harvard.edu/abs/2016pyas.confE..19M},
  adsnote = {Provided by the SAO/NASA Astrophysics Data System}
}

@inproceedings{Jeschke17A, author= {E. Jeschke, R. Kackley, T. Inagaki, S. Yeh, T. Pyo, F. Nakata, I. Iwata, F. Finet, S. Koshida, K. Helminiak, Y. Koyama and M. Onodera}, title= {Queue Mode Software for Subaru Telescope}, booktitle= {Astronomical Data Analysis Software and Systems XXVI}, year= {2017}, publisher= {ASP}, note= {In progress}}

@misc{photutils,
  author       = {Larry Bradley and
                  Brigitta Sipocz and
                  Thomas Robitaille and
                  Erik Tollerud and
                  Zè Vinícius and
                  Christoph Deil and
                  Kyle Barbary and
                  Hans Moritz Günther and
                  Mihai Cara and
                  Michael Droettboom and
                  Azalee Bostroem and
                  Erik Bray and
                  Lars Andersen Bratholm and
                  T. E. Pickering and
                  Matt Craig and
                  Geert Barentsen and
                  Sergio Pascual and
                  adonath and
                  Johnny Greco and
                  Wolfgang Kerzendorf and
                  StuartLittlefair and
                  Leonardo Ferreira and
                  Francesco D'Eugenio and
                  Benjamin Alan Weaver},
  title        = {astropy/photutils: v0.3},
  month        = nov,
  year         = 2016,
  doi          = {10.5281/zenodo.164986},
  url          = {https://doi.org/10.5281/zenodo.164986}
}

@misc{astroquery,
  author       = {Adam Ginsburg and
                  Brigitta Sipocz and
                  Madhura Parikh and
                  Julien Woillez and
                  Austen Groener and
                  Simon Liedtke and
                  Thomas Robitaille and
                  Christoph Deil and
                  jcsegovia and
                  Henrik Norman and
                  Brian Svoboda and
                  Erik Tollerud and
                  Magnus Vilhelm Persson and
                  adamginsburg and
                  Loïc Séguin-Charbonneau and
                  Caden Armstrong and
                  Jordan Mirocha and
                  Miguel de Val-Borro and
                  C. E. Brasseur and
                  Ayush Yadav and
                  Michael Droettboom and
                  Fred Moolekamp and
                  Michael Seifert and
                  james-allen and
                  Azalee Bostroem and
                  Ricky Egeland and
                  Evert Rol and
                  Leo Singer and
                  Kyle Barbary and
                  Frédéric Grollier},
  title        = {astropy/astroquery: v0.3.6 with fixed license},
  month        = jul,
  year         = 2017,
  doi          = {10.5281/zenodo.826911},
  url          = {https://doi.org/10.5281/zenodo.826911}
}

@misc{ccdproc,
  author       = {Matt Craig and
                  Steve Crawford and
                  Michael Seifert and
                  Thomas Robitaille and
                  Brigitta Sipocz and
                  Josh Walawender and
                  Zè Vinícius and
                  Joe Philip Ninan and
                  Michael Droettboom and
                  Erik Tollerud and
                  Erik Bray and
                  walkerna22 and
                  stottsco and
                  Hans Moritz Günther and
                  Evert Rol and
                  Larry Bradley and
                  Christoph Deil and
                  Kyle Barbary and
                  Anthony Horton and
                  William Schoenell and
                  Nathan and
                  Forrest Gasdia and
                  Wolfgang Kerzendorf and
                  Stefan Nelson and
                  Sourav Singh and
                  Ole Streicher and
                  Jennifer Karr and
                  Elias Holte and
                  Carlos Gomez and
                  Benjamin Alan Weaver},
  title        = {astropy/ccdproc: 1.2.0},
  month        = dec,
  year         = 2016,
  doi          = {10.5281/zenodo.220257},
  url          = {https://doi.org/10.5281/zenodo.220257}
}

@misc{tollerud2016,
  author       = {Tollerud, Erik},
  title        = {{Python Packaging/Affiliated Package Template 
                   Tutorial}},
  month        = mar,
  year         = 2016,
  doi          = {10.5281/zenodo.48385},
  url          = {https://doi.org/10.5281/zenodo.48385}
}

@BOOK{Meeus,
   author = {{Meeus}, J.},
    title = "{Astronomical algorithms}",
booktitle = {Richmond, Virginia: Willmann-Bell, |c1991},
     year = 1991,
   adsurl = {http://adsabs.harvard.edu/abs/1991aalg.book.....M},
  adsnote = {Provided by the SAO/NASA Astrophysics Data System}
}

@MISC{pyephem,
   author = {{Rhodes}, B.~C.},
    title = "{PyEphem: Astronomical Ephemeris for Python}",
 keywords = {Software},
howpublished = {Astrophysics Source Code Library},
     year = 2011,
    month = dec,
archivePrefix = "ascl",
   eprint = {1112.014},
   adsurl = {http://adsabs.harvard.edu/abs/2011ascl.soft12014R},
  adsnote = {Provided by the SAO/NASA Astrophysics Data System}
}


@MISC{IRAF,
   author = {{National Optical Astronomy Observatories}},
    title = "{IRAF: Image Reduction and Analysis Facility}",
 keywords = {Software },
howpublished = {Astrophysics Source Code Library},
     year = 1999,
    month = nov,
archivePrefix = "ascl",
   eprint = {9911.002},
   adsurl = {http://adsabs.harvard.edu/abs/1999ascl.soft11002N},
  adsnote = {Provided by the SAO/NASA Astrophysics Data System}
}

@ARTICLE{Akeson2013,
   author = {{Akeson}, R.~L. and {Chen}, X. and {Ciardi}, D. and {Crane}, M. and 
	{Good}, J. and {Harbut}, M. and {Jackson}, E. and {Kane}, S.~R. and 
	{Laity}, A.~C. and {Leifer}, S. and {Lynn}, M. and {McElroy}, D.~L. and 
	{Papin}, M. and {Plavchan}, P. and {Ram{\'{\i}}rez}, S.~V. and 
	{Rey}, R. and {von Braun}, K. and {Wittman}, M. and {Abajian}, M. and 
	{Ali}, B. and {Beichman}, C. and {Beekley}, A. and {Berriman}, G.~B. and 
	{Berukoff}, S. and {Bryden}, G. and {Chan}, B. and {Groom}, S. and 
	{Lau}, C. and {Payne}, A.~N. and {Regelson}, M. and {Saucedo}, M. and 
	{Schmitz}, M. and {Stauffer}, J. and {Wyatt}, P. and {Zhang}, A.
	},
    title = "{The NASA Exoplanet Archive: Data and Tools for Exoplanet Research}",
  journal = {\pasp},
archivePrefix = "arXiv",
   eprint = {1307.2944},
 primaryClass = "astro-ph.IM",
     year = 2013,
    month = aug,
   volume = 125,
    pages = {989},
      doi = {10.1086/672273},
   adsurl = {http://adsabs.harvard.edu/abs/2013PASP..125..989A},
  adsnote = {Provided by the SAO/NASA Astrophysics Data System}
}

@ARTICLE{Wright2011,
   author = {{Wright}, J.~T. and {Fakhouri}, O. and {Marcy}, G.~W. and {Han}, E. and 
	{Feng}, Y. and {Johnson}, J.~A. and {Howard}, A.~W. and {Fischer}, D.~A. and 
	{Valenti}, J.~A. and {Anderson}, J. and {Piskunov}, N.},
    title = "{The Exoplanet Orbit Database}",
  journal = {\pasp},
archivePrefix = "arXiv",
   eprint = {1012.5676},
 primaryClass = "astro-ph.SR",
     year = 2011,
    month = apr,
   volume = 123,
    pages = {412},
      doi = {10.1086/659427},
   adsurl = {http://adsabs.harvard.edu/abs/2011PASP..123..412W},
  adsnote = {Provided by the SAO/NASA Astrophysics Data System}
}

@ARTICLE{Han2014,
   author = {{Han}, E. and {Wang}, S.~X. and {Wright}, J.~T. and {Feng}, Y.~K. and 
	{Zhao}, M. and {Fakhouri}, O. and {Brown}, J.~I. and {Hancock}, C.
	},
    title = "{Exoplanet Orbit Database. II. Updates to Exoplanets.org}",
  journal = {\pasp},
archivePrefix = "arXiv",
   eprint = {1409.7709},
 primaryClass = "astro-ph.EP",
     year = 2014,
    month = sep,
   volume = 126,
    pages = {827},
      doi = {10.1086/678447},
   adsurl = {http://adsabs.harvard.edu/abs/2014PASP..126..827H},
  adsnote = {Provided by the SAO/NASA Astrophysics Data System}
}

@ARTICLE{Wenger2000,
   author = {{Wenger}, M. and {Ochsenbein}, F. and {Egret}, D. and {Dubois}, P. and 
	{Bonnarel}, F. and {Borde}, S. and {Genova}, F. and {Jasniewicz}, G. and 
	{Lalo{\"e}}, S. and {Lesteven}, S. and {Monier}, R.},
    title = "{The SIMBAD astronomical database. The CDS reference database for astronomical objects}",
  journal = {\aaps},
   eprint = {astro-ph/0002110},
 keywords = {ASTRONOMICAL DATA BASES: MISCELLANEOUS, CATALOGS},
     year = 2000,
    month = apr,
   volume = 143,
    pages = {9-22},
      doi = {10.1051/aas:2000332},
   adsurl = {http://adsabs.harvard.edu/abs/2000A%26AS..143....9W},
  adsnote = {Provided by the SAO/NASA Astrophysics Data System}
}

@ARTICLE{Ochsenbein2000,
   author = {{Ochsenbein}, F. and {Bauer}, P. and {Marcout}, J.},
    title = "{The VizieR database of astronomical catalogues}",
  journal = {\aaps},
   eprint = {astro-ph/0002122},
 keywords = {ASTRONOMICAL DATA BASES: MISCELLANEOUS, CATALOGS},
     year = 2000,
    month = apr,
   volume = 143,
    pages = {23-32},
      doi = {10.1051/aas:2000169},
   adsurl = {http://adsabs.harvard.edu/abs/2000A%26AS..143...23O},
  adsnote = {Provided by the SAO/NASA Astrophysics Data System}
}

@INPROCEEDINGS{Schaaff2004,
   author = {{Schaaff}, A.},
    title = "{Web Services and Related Works at CDS}",
booktitle = {Astronomical Data Analysis Software and Systems (ADASS) XIII},
     year = 2004,
   series = {Astronomical Society of the Pacific Conference Series},
   volume = 314,
   editor = {{Ochsenbein}, F. and {Allen}, M.~G. and {Egret}, D.},
    month = jul,
    pages = {327},
   adsurl = {http://adsabs.harvard.edu/abs/2004ASPC..314..327S},
  adsnote = {Provided by the SAO/NASA Astrophysics Data System}
}

@article{astroplan, DOI={10.5281/zenodo.1035883}, abstractNote={Release at time of submission of the astroplan paper.}, publisher={Zenodo}, author={Brett M. Morris and Karl and Brigitta Sipocz and StuartLittlefair and Erik Tollerud and Christoph Deil and Jazmin Berlanga Medina and Adrian Price-Whelan and Wilfred Tyler Gee and Stephanie Douglas and et al.}, year={2017}, month={Oct}}