Retrieved 1 abstracts, starting with number 1.  Total number selected: 1.

@ARTICLE{bakos2010,
   author = {{Bakos}, G.~{\'A}. and {Torres}, G. and {P{\'a}l}, A. and {Hartman}, J. and 
	{Kov{\'a}cs}, G. and {Noyes}, R.~W. and {Latham}, D.~W. and 
	{Sasselov}, D.~D. and {Sip{\H o}cz}, B. and {Esquerdo}, G.~A. and 
	{Fischer}, D.~A. and {Johnson}, J.~A. and {Marcy}, G.~W. and 
	{Butler}, R.~P. and {Isaacson}, H. and {Howard}, A. and {Vogt}, S. and 
	{Kov{\'a}cs}, G. and {Fernandez}, J. and {Mo{\'o}r}, A. and 
	{Stefanik}, R.~P. and {L{\'a}z{\'a}r}, J. and {Papp}, I. and 
	{S{\'a}ri}, P.},
    title = "{HAT-P-11b: A Super-Neptune Planet Transiting a Bright K Star in the Kepler Field}",
  journal = {\apj},
archivePrefix = "arXiv",
   eprint = {0901.0282},
 primaryClass = "astro-ph.EP",
 keywords = {planetary systems, stars: individual: HAT-P-11 GSC 03561-02092, techniques: photometric, techniques: spectroscopic},
     year = 2010,
    month = feb,
   volume = 710,
    pages = {1724-1745},
      doi = {10.1088/0004-637X/710/2/1724},
   adsurl = {http://adsabs.harvard.edu/abs/2010ApJ...710.1724B},
  adsnote = {Provided by the SAO/NASA Astrophysics Data System}
}

@ARTICLE{Christensen-Dalsgaard2010,
   author = {{Christensen-Dalsgaard}, J. and {Kjeldsen}, H. and {Brown}, T.~M. and 
	{Gilliland}, R.~L. and {Arentoft}, T. and {Frandsen}, S. and 
	{Quirion}, P.-O. and {Borucki}, W.~J. and {Koch}, D. and {Jenkins}, J.~M.
	},
    title = "{Asteroseismic Investigation of Known Planet Hosts in the Kepler Field}",
  journal = {\apjl},
archivePrefix = "arXiv",
   eprint = {1001.0032},
 primaryClass = "astro-ph.SR",
 keywords = {planetary systems, stars: fundamental parameters, stars: oscillations},
     year = 2010,
    month = apr,
   volume = 713,
    pages = {L164-L168},
      doi = {10.1088/2041-8205/713/2/L164},
   adsurl = {http://adsabs.harvard.edu/abs/2010ApJ...713L.164C},
  adsnote = {Provided by the SAO/NASA Astrophysics Data System}
}


@ARTICLE{Winn2010,
   author = {{Winn}, J.~N. and {Johnson}, J.~A. and {Howard}, A.~W. and {Marcy}, G.~W. and 
	{Isaacson}, H. and {Shporer}, A. and {Bakos}, G.~{\'A}. and 
	{Hartman}, J.~D. and {Albrecht}, S.},
    title = "{The Oblique Orbit of the Super-Neptune HAT-P-11b}",
  journal = {\apjl},
archivePrefix = "arXiv",
   eprint = {1009.5671},
 primaryClass = "astro-ph.EP",
 keywords = {planetary systems, planets and satellites: formation, planet-star interactions, stars: rotation},
     year = 2010,
    month = nov,
   volume = 723,
    pages = {L223-L227},
      doi = {10.1088/2041-8205/723/2/L223},
   adsurl = {http://adsabs.harvard.edu/abs/2010ApJ...723L.223W},
  adsnote = {Provided by the SAO/NASA Astrophysics Data System}
}

@ARTICLE{Deming2011,
   author = {{Deming}, D. and {Sada}, P.~V. and {Jackson}, B. and {Peterson}, S.~W. and 
	{Agol}, E. and {Knutson}, H.~A. and {Jennings}, D.~E. and {Haase}, F. and 
	{Bays}, K.},
    title = "{Kepler and Ground-based Transits of the Exo-Neptune HAT-P-11b}",
  journal = {\apj},
archivePrefix = "arXiv",
   eprint = {1107.2977},
 primaryClass = "astro-ph.EP",
 keywords = {planetary systems, planets and satellites: general, stars: activity, starspots},
     year = 2011,
    month = oct,
   volume = 740,
      eid = {33},
    pages = {33},
      doi = {10.1088/0004-637X/740/1/33},
   adsurl = {http://adsabs.harvard.edu/abs/2011ApJ...740...33D},
  adsnote = {Provided by the SAO/NASA Astrophysics Data System}
}

@ARTICLE{Hirano2011,
   author = {{Hirano}, T. and {Narita}, N. and {Shporer}, A. and {Sato}, B. and 
	{Aoki}, W. and {Tamura}, M.},
    title = "{A Possible Tilted Orbit of the Super-Neptune HAT-P-11b}",
  journal = {\pasj},
archivePrefix = "arXiv",
   eprint = {1009.5677},
 primaryClass = "astro-ph.EP",
 keywords = {stars: planetary systems: individual (HAT-P-11), stars: rotation, techniques: photometric, techniques: radial velocities, techniques: spectroscopic},
     year = 2011,
    month = mar,
   volume = 63,
    pages = {531-},
      doi = {10.1093/pasj/63.sp2.S531},
   adsurl = {http://adsabs.harvard.edu/abs/2011PASJ...63S.531H},
  adsnote = {Provided by the SAO/NASA Astrophysics Data System}
}


@ARTICLE{Sanchis-Ojeda2011,
   author = {{Sanchis-Ojeda}, R. and {Winn}, J.~N.},
    title = "{Starspots, Spin-Orbit Misalignment, and Active Latitudes in the HAT-P-11 Exoplanetary System}",
  journal = {\apj},
archivePrefix = "arXiv",
   eprint = {1107.2920},
 primaryClass = "astro-ph.EP",
 keywords = {planetary systems, stars: activity, stars: individual: HAT-P-11, stars: rotation, starspots},
     year = 2011,
    month = dec,
   volume = 743,
      eid = {61},
    pages = {61},
      doi = {10.1088/0004-637X/743/1/61},
   adsurl = {http://adsabs.harvard.edu/abs/2011ApJ...743...61S},
  adsnote = {Provided by the SAO/NASA Astrophysics Data System}
}


@ARTICLE{Southworth2011,
   author = {{Southworth}, J.},
    title = "{Homogeneous studies of transiting extrasolar planets - IV. Thirty systems with space-based light curves}",
  journal = {\mnras},
archivePrefix = "arXiv",
   eprint = {1107.1235},
 primaryClass = "astro-ph.EP",
 keywords = {binaries: eclipsing, binaries: spectroscopic, stars: fundamental parameters, planetary systems},
     year = 2011,
    month = nov,
   volume = 417,
    pages = {2166-2196},
      doi = {10.1111/j.1365-2966.2011.19399.x},
   adsurl = {http://adsabs.harvard.edu/abs/2011MNRAS.417.2166S},
  adsnote = {Provided by the SAO/NASA Astrophysics Data System}
}


@ARTICLE{Beky2014a,
   author = {{B{\'e}ky}, B. and {Holman}, M.~J. and {Kipping}, D.~M. and 
	{Noyes}, R.~W.},
    title = "{Stellar Rotation-Planetary Orbit Period Commensurability in the HAT-P-11 System}",
  journal = {\apj},
archivePrefix = "arXiv",
   eprint = {1403.7526},
 primaryClass = "astro-ph.SR",
 keywords = {stars: activity, stars: individual: HAT-P-11 Kepler-17, stars: rotation},
     year = 2014,
    month = jun,
   volume = 788,
      eid = {1},
    pages = {1},
      doi = {10.1088/0004-637X/788/1/1},
   adsurl = {http://adsabs.harvard.edu/abs/2014ApJ...788....1B},
  adsnote = {Provided by the SAO/NASA Astrophysics Data System}
}


@ARTICLE{Beky2014b,
   author = {{B{\'e}ky}, B. and {Kipping}, D.~M. and {Holman}, M.~J.},
    title = "{SPOTROD: a semi-analytic model for transits of spotted stars}",
  journal = {\mnras},
archivePrefix = "arXiv",
   eprint = {1407.4465},
 primaryClass = "astro-ph.EP",
 keywords = {techniques: photometric, stars: individual: HAT-P-11- starspots},
     year = 2014,
    month = aug,
   volume = 442,
    pages = {3686-3699},
      doi = {10.1093/mnras/stu1061},
   adsurl = {http://adsabs.harvard.edu/abs/2014MNRAS.442.3686B},
  adsnote = {Provided by the SAO/NASA Astrophysics Data System}
}



@ARTICLE{Fraine2014,
   author = {{Fraine}, J. and {Deming}, D. and {Benneke}, B. and {Knutson}, H. and 
	{Jord{\'a}n}, A. and {Espinoza}, N. and {Madhusudhan}, N. and 
	{Wilkins}, A. and {Todorov}, K.},
    title = "{Water vapour absorption in the clear atmosphere of a Neptune-sized exoplanet}",
  journal = {\nat},
archivePrefix = "arXiv",
   eprint = {1409.8349},
 primaryClass = "astro-ph.EP",
     year = 2014,
    month = sep,
   volume = 513,
    pages = {526-529},
      doi = {10.1038/nature13785},
   adsurl = {http://adsabs.harvard.edu/abs/2014Natur.513..526F},
  adsnote = {Provided by the SAO/NASA Astrophysics Data System}
}



@ARTICLE{Maxted2014,
   author = {{Maxted}, P.~F.~L. and {Serenelli}, A.~M. and {Southworth}, J.
	},
    title = "{Comparison of gyrochronological and isochronal age estimates for transiting exoplanet host stars}",
  journal = {\aap},
archivePrefix = "arXiv",
   eprint = {1503.09111},
 primaryClass = "astro-ph.EP",
 keywords = {stars: solar-type, planet-star interactions},
     year = 2015,
    month = may,
   volume = 577,
      eid = {A90},
    pages = {A90},
      doi = {10.1051/0004-6361/201525774},
   adsurl = {http://adsabs.harvard.edu/abs/2015A%26A...577A..90M},
  adsnote = {Provided by the SAO/NASA Astrophysics Data System}
}

@ARTICLE{Goodman2010,
   author = {{Goodman}, J. and {Weare}, J.
	},
    title = "{Ensemble samplers with affine invariance}",
  journal = {Communications in Applied Mathematics and Computational Science},
     year = 2010,
    month = nov,
   volume = 5,
    pages = {65-80},
      doi = {10.2140/camcos.2010.5.65},
}


@misc{gatspy,
  author       = {Jake Vanderplas},
  title        = {{gatspy: General tools for Astronomical Time Series 
                   in Python}},
  month        = feb,
  year         = 2015,
  doi          = {10.5281/zenodo.14833},
  url          = {http://dx.doi.org/10.5281/zenodo.14833}
}

@ARTICLE{Kipping2013,
   author = {{Kipping}, D.~M.},
    title = "{Efficient, uninformative sampling of limb darkening coefficients for two-parameter laws}",
  journal = {\mnras},
archivePrefix = "arXiv",
   eprint = {1308.0009},
 primaryClass = "astro-ph.SR",
 keywords = {methods: analytical, stars: atmospheres},
     year = 2013,
    month = nov,
   volume = 435,
    pages = {2152-2160},
      doi = {10.1093/mnras/stt1435},
   adsurl = {http://adsabs.harvard.edu/abs/2013MNRAS.435.2152K},
  adsnote = {Provided by the SAO/NASA Astrophysics Data System}
}


@ARTICLE{Carter2011,
   author = {{Carter}, J.~A. and {Winn}, J.~N. and {Holman}, M.~J. and {Fabrycky}, D. and 
	{Berta}, Z.~K. and {Burke}, C.~J. and {Nutzman}, P.},
    title = "{The Transit Light Curve Project. XIII. Sixteen Transits of the Super-Earth GJ 1214b}",
  journal = {\apj},
archivePrefix = "arXiv",
   eprint = {1012.0376},
 primaryClass = "astro-ph.EP",
 keywords = {planetary systems, planets and satellites: individual: GJ 1214b GJ 1214, techniques: photometric},
     year = 2011,
    month = apr,
   volume = 730,
      eid = {82},
    pages = {82},
      doi = {10.1088/0004-637X/730/2/82},
   adsurl = {http://adsabs.harvard.edu/abs/2011ApJ...730...82C},
  adsnote = {Provided by the SAO/NASA Astrophysics Data System}
}


@ARTICLE{Czesla2009,
   author = {{Czesla}, S. and {Huber}, K.~F. and {Wolter}, U. and {Schr{\"o}ter}, S. and 
	{Schmitt}, J.~H.~M.~M.},
    title = "{How stellar activity affects the size estimates of extrasolar planets}",
  journal = {\aap},
archivePrefix = "arXiv",
   eprint = {0906.3604},
 primaryClass = "astro-ph.SR",
 keywords = {techniques: photometric, stars: activity, starspots, stars: individual: CoRoT-2a, planetary systems},
     year = 2009,
    month = oct,
   volume = 505,
    pages = {1277-1282},
      doi = {10.1051/0004-6361/200912454},
   adsurl = {http://adsabs.harvard.edu/abs/2009A%26A...505.1277C},
  adsnote = {Provided by the SAO/NASA Astrophysics Data System}
}

@ARTICLE{Kreidberg2015,
   author = {{Kreidberg}, L.},
    title = "{BATMAN: BAsic Transit Model cAlculatioN in Python}",
  journal = {\pasp},
archivePrefix = "arXiv",
   eprint = {1507.08285},
 primaryClass = "astro-ph.EP",
     year = 2015,
    month = dec,
   volume = 127,
    pages = {1161-1165},
      doi = {10.1086/683602},
   adsurl = {http://adsabs.harvard.edu/abs/2015PASP..127.1161K},
  adsnote = {Provided by the SAO/NASA Astrophysics Data System}
}


@ARTICLE{Mandel2002,
   author = {{Mandel}, K. and {Agol}, E.},
    title = "{Analytic Light Curves for Planetary Transit Searches}",
  journal = {\apjl},
   eprint = {astro-ph/0210099},
 keywords = {Stars: Binaries: Eclipsing, Eclipses, Occultations, Stars: Planetary Systems},
     year = 2002,
    month = dec,
   volume = 580,
    pages = {L171-L175},
      doi = {10.1086/345520},
   adsurl = {http://adsabs.harvard.edu/abs/2002ApJ...580L.171M},
  adsnote = {Provided by the SAO/NASA Astrophysics Data System}
}


@ARTICLE{Foreman-Mackey2013,
   author = {{Foreman-Mackey}, D. and {Hogg}, D.~W. and {Lang}, D. and {Goodman}, J.
	},
    title = "{emcee: The MCMC Hammer}",
  journal = {\pasp},
archivePrefix = "arXiv",
   eprint = {1202.3665},
 primaryClass = "astro-ph.IM",
 keywords = {Data Analysis and Techniques},
     year = 2013,
    month = mar,
   volume = 125,
    pages = {306-312},
      doi = {10.1086/670067},
   adsurl = {http://adsabs.harvard.edu/abs/2013PASP..125..306F},
  adsnote = {Provided by the SAO/NASA Astrophysics Data System}
}

@ARTICLE{Aigrain2015,
   author = {{Aigrain}, S. and {Llama}, J. and {Ceillier}, T. and {Chagas}, M.~L.~d. and 
	{Davenport}, J.~R.~A. and {Garc{\'{\i}}a}, R.~A. and {Hay}, K.~L. and 
	{Lanza}, A.~F. and {McQuillan}, A. and {Mazeh}, T. and {de Medeiros}, J.~R. and 
	{Nielsen}, M.~B. and {Reinhold}, T.},
    title = "{Testing the recovery of stellar rotation signals from Kepler light curves using a blind hare-and-hounds exercise}",
  journal = {\mnras},
archivePrefix = "arXiv",
   eprint = {1504.04029},
 primaryClass = "astro-ph.SR",
 keywords = {methods: data analysis, techniques: photometric, surveys, stars: rotation, starspots},
     year = 2015,
    month = jul,
   volume = 450,
    pages = {3211-3226},
      doi = {10.1093/mnras/stv853},
   adsurl = {http://adsabs.harvard.edu/abs/2015MNRAS.450.3211A},
  adsnote = {Provided by the SAO/NASA Astrophysics Data System}
}

@ARTICLE{Davenport2015,
   author = {{Davenport}, J.~R.~A. and {Hebb}, L. and {Hawley}, S.~L.},
    title = "{Detecting Differential Rotation and Starspot Evolution on the M Dwarf GJ 1243 with Kepler}",
  journal = {\apj},
archivePrefix = "arXiv",
   eprint = {1505.01524},
 primaryClass = "astro-ph.SR",
 keywords = {starspots, stars: activity, stars: low-mass},
     year = 2015,
    month = jun,
   volume = 806,
      eid = {212},
    pages = {212},
      doi = {10.1088/0004-637X/806/2/212},
   adsurl = {http://adsabs.harvard.edu/abs/2015ApJ...806..212D},
  adsnote = {Provided by the SAO/NASA Astrophysics Data System}
}


@ARTICLE{Huber2010,
   author = {{Huber}, K.~F. and {Czesla}, S. and {Wolter}, U. and {Schmitt}, J.~H.~M.~M.
	},
    title = "{Planetary eclipse mapping of CoRoT-2a. Evolution, differential rotation, and spot migration}",
  journal = {\aap},
archivePrefix = "arXiv",
   eprint = {1002.4113},
 primaryClass = "astro-ph.SR",
 keywords = {planetary systems, techniques: photometric, stars: activity, starspots, stars: individual: CoRoT-2a},
     year = 2010,
    month = may,
   volume = 514,
      eid = {A39},
    pages = {A39},
      doi = {10.1051/0004-6361/200913914},
   adsurl = {http://adsabs.harvard.edu/abs/2010A%26A...514A..39H},
  adsnote = {Provided by the SAO/NASA Astrophysics Data System}
}


@ARTICLE{Csizmadia2013,
   author = {{Csizmadia}, S. and {Pasternacki}, T. and {Dreyer}, C. and {Cabrera}, J. and 
	{Erikson}, A. and {Rauer}, H.},
    title = "{The effect of stellar limb darkening values on the accuracy of the planet radii derived from photometric transit observations}",
  journal = {\aap},
archivePrefix = "arXiv",
   eprint = {1212.2372},
 primaryClass = "astro-ph.EP",
 keywords = {techniques: photometric, planetary systems},
     year = 2013,
    month = jan,
   volume = 549,
      eid = {A9},
    pages = {A9},
      doi = {10.1051/0004-6361/201219888},
   adsurl = {http://adsabs.harvard.edu/abs/2013A%26A...549A...9C},
  adsnote = {Provided by the SAO/NASA Astrophysics Data System}
}

@ARTICLE{Schuessler1996,
   author = {{Schuessler}, M. and {Caligari}, P. and {Ferriz-Mas}, A. and 
	{Solanki}, S.~K. and {Stix}, M.},
    title = "{Distribution of starspots on cool stars. I. Young and main sequence stars of 1M$_{sun}$\_.}",
  journal = {\aap},
 keywords = {STARS: MAGNETIC FIELDS, STARS: ACTIVITY, MHD},
     year = 1996,
    month = oct,
   volume = 314,
    pages = {503-512},
   adsurl = {http://adsabs.harvard.edu/abs/1996A%26A...314..503S},
  adsnote = {Provided by the SAO/NASA Astrophysics Data System}
}

@ARTICLE{Granzer2000,
   author = {{Granzer}, T. and {Sch{\"u}ssler}, M. and {Caligari}, P. and 
	{Strassmeier}, K.~G.},
    title = "{Distribution of starspots on cool stars. II. Pre-main-sequence and ZAMS stars between 0.4 M$_{sun}$ and 1.7 M$_{sun}$}",
  journal = {\aap},
 keywords = {MAGNETOHYDRODYNAMICS (MHD), STARS: ROTATION, STARS: PRE-MAIN SEQUENCE, STARS: MAGNETIC FIELDS, STARS: ACTIVITY},
     year = 2000,
    month = mar,
   volume = 355,
    pages = {1087-1097},
   adsurl = {http://adsabs.harvard.edu/abs/2000A%26A...355.1087G},
  adsnote = {Provided by the SAO/NASA Astrophysics Data System}
}


@ARTICLE{Eker2003,
   author = {{Eker}, Z. and {Brandt}, P.~N. and {Hanslmeier}, A. and {Otruba}, W. and 
	{Wehrli}, C.},
    title = "{Deriving effective sunspot temperatures from SOHO/VIRGO irradiance measurements.  A starspot modelling approach}",
  journal = {\aap},
 keywords = {Sun: sunspots, Sun: activity, Sun: photosphere, stars: starspots, Sun: UV radiation},
     year = 2003,
    month = jun,
   volume = 404,
    pages = {1107-1115},
      doi = {10.1051/0004-6361:20030573},
   adsurl = {http://adsabs.harvard.edu/abs/2003A%26A...404.1107E},
  adsnote = {Provided by the SAO/NASA Astrophysics Data System}
}


@ARTICLE{Leonard2008,
   author = {{Leonard}, T. and {Choudhary}, D.~P.},
    title = "{Intensity and Magnetic Field Distribution of Sunspots}",
  journal = {\solphys},
 keywords = {Sun: magnetic field, Sun: sunspot, Sun: brightness},
     year = 2008,
    month = oct,
   volume = 252,
    pages = {33-41},
      doi = {10.1007/s11207-008-9256-y},
   adsurl = {http://adsabs.harvard.edu/abs/2008SoPh..252...33L},
  adsnote = {Provided by the SAO/NASA Astrophysics Data System}
}



@ARTICLE{Keppens1996,
   author = {{Keppens}, R. and {Martinez Pillet}, V.},
    title = "{The magnetic structure of pores and sunspots derived from Advanced Stokes Polarimeter data.}",
  journal = {\aap},
 keywords = {POLARIZATION, SUN: MAGNETIC FIELDS, SUN: SUNSPOTS},
     year = 1996,
    month = dec,
   volume = 316,
    pages = {229-242},
   adsurl = {http://adsabs.harvard.edu/abs/1996A%26A...316..229K},
  adsnote = {Provided by the SAO/NASA Astrophysics Data System}
}


@ARTICLE{Roettenbacher2013,
   author = {{Roettenbacher}, R.~M. and {Monnier}, J.~D. and {Harmon}, R.~O. and 
	{Barclay}, T. and {Still}, M.},
    title = "{Imaging Starspot Evolution on Kepler Target KIC 5110407 Using Light-Curve Inversion}",
  journal = {\apj},
archivePrefix = "arXiv",
   eprint = {1302.6268},
 primaryClass = "astro-ph.SR",
 keywords = {stars: activity, stars: imaging, stars: variables: general},
     year = 2013,
    month = apr,
   volume = 767,
      eid = {60},
    pages = {60},
      doi = {10.1088/0004-637X/767/1/60},
   adsurl = {http://adsabs.harvard.edu/abs/2013ApJ...767...60R},
  adsnote = {Provided by the SAO/NASA Astrophysics Data System}
}

@ARTICLE{Frasca2011,
   author = {{Frasca}, A. and {Fr{\"o}hlich}, H.-E. and {Bonanno}, A. and 
	{Catanzaro}, G. and {Biazzo}, K. and {Molenda-{\.Z}akowicz}, J.
	},
    title = "{Magnetic activity and differential rotation in the very young star KIC 8429280}",
  journal = {\aap},
archivePrefix = "arXiv",
   eprint = {1106.4928},
 primaryClass = "astro-ph.SR",
 keywords = {stars: activity, starspots, stars: rotation, stars: chromospheres, stars: individual: KIC 8429280, X-rays: stars},
     year = 2011,
    month = aug,
   volume = 532,
      eid = {A81},
    pages = {A81},
      doi = {10.1051/0004-6361/201116980},
   adsurl = {http://adsabs.harvard.edu/abs/2011A%26A...532A..81F},
  adsnote = {Provided by the SAO/NASA Astrophysics Data System}
}

@ARTICLE{McQuillan2014,
   author = {{McQuillan}, A. and {Mazeh}, T. and {Aigrain}, S.},
    title = "{Rotation Periods of 34,030 Kepler Main-sequence Stars: The Full Autocorrelation Sample}",
  journal = {\apjs},
archivePrefix = "arXiv",
   eprint = {1402.5694},
 primaryClass = "astro-ph.SR",
 keywords = {catalogs, methods: data analysis, methods: observational, stars: activity, stars: low-mass, stars: rotation, techniques: photometric},
     year = 2014,
    month = apr,
   volume = 211,
      eid = {24},
    pages = {24},
      doi = {10.1088/0067-0049/211/2/24},
   adsurl = {http://adsabs.harvard.edu/abs/2014ApJS..211...24M},
  adsnote = {Provided by the SAO/NASA Astrophysics Data System}
}



@ARTICLE{Ohta2005,
   author = {{Ohta}, Y. and {Taruya}, A. and {Suto}, Y.},
    title = "{The Rossiter-McLaughlin Effect and Analytic Radial Velocity Curves for Transiting Extrasolar Planetary Systems}",
  journal = {\apj},
   eprint = {astro-ph/0410499},
 keywords = {Stars: Planetary Systems, Stars: Individual: Henry Draper Number: HD 209458, Techniques: Spectroscopic},
     year = 2005,
    month = apr,
   volume = 622,
    pages = {1118-1135},
      doi = {10.1086/428344},
   adsurl = {http://adsabs.harvard.edu/abs/2005ApJ...622.1118O},
  adsnote = {Provided by the SAO/NASA Astrophysics Data System}
}


@ARTICLE{Winn2005,
   author = {{Winn}, J.~N. and {Noyes}, R.~W. and {Holman}, M.~J. and {Charbonneau}, D. and 
	{Ohta}, Y. and {Taruya}, A. and {Suto}, Y. and {Narita}, N. and 
	{Turner}, E.~L. and {Johnson}, J.~A. and {Marcy}, G.~W. and 
	{Butler}, R.~P. and {Vogt}, S.~S.},
    title = "{Measurement of Spin-Orbit Alignment in an Extrasolar Planetary System}",
  journal = {\apj},
   eprint = {astro-ph/0504555},
 keywords = {Stars: Planetary Systems, Stars: Planetary Systems: Formation, Stars: Individual: Henry Draper Number: HD 209458, Stars: Rotation},
     year = 2005,
    month = oct,
   volume = 631,
    pages = {1215-1226},
      doi = {10.1086/432571},
   adsurl = {http://adsabs.harvard.edu/abs/2005ApJ...631.1215W},
  adsnote = {Provided by the SAO/NASA Astrophysics Data System}
}

@ARTICLE{Fabrycky2009,
   author = {{Fabrycky}, D.~C. and {Winn}, J.~N.},
    title = "{Exoplanetary Spin-Orbit Alignment: Results from the Ensemble of Rossiter-McLaughlin Observations}",
  journal = {\apj},
archivePrefix = "arXiv",
   eprint = {0902.0737},
 primaryClass = "astro-ph.EP",
 keywords = {celestial mechanics, methods: statistical, planetary systems, stars: rotation},
     year = 2009,
    month = may,
   volume = 696,
    pages = {1230-1240},
      doi = {10.1088/0004-637X/696/2/1230},
   adsurl = {http://adsabs.harvard.edu/abs/2009ApJ...696.1230F},
  adsnote = {Provided by the SAO/NASA Astrophysics Data System}
}


@ARTICLE{Howard1984,
   author = {{Howard}, R. and {Gilman}, P.~I. and {Gilman}, P.~A.},
    title = "{Rotation of the sun measured from Mount Wilson white-light images}",
  journal = {\apj},
 keywords = {Astronomical Photography, Solar Rotation, Sunspots, Angular Velocity, Annual Variations, Data Reduction},
     year = 1984,
    month = aug,
   volume = 283,
    pages = {373-384},
      doi = {10.1086/162315},
   adsurl = {http://adsabs.harvard.edu/abs/1984ApJ...283..373H},
  adsnote = {Provided by the SAO/NASA Astrophysics Data System}
}


@ARTICLE{Li2002,
   author = {{Li}, K.-J. and {Liu}, X.-H. and {Yun}, H.-S. and {Xiong}, S.-Y. and 
	{Liang}, H.-F. and {Zhao}, H.-Z. and {Zhan}, L.-S. and {Gu}, X.-M.
	},
    title = "{Asymmetrical Distribution of Sunspot Groups in the Solar Hemispheres}",
  journal = {\pasj},
 keywords = {activity, Sun : general, Sun : sunspots},
     year = 2002,
    month = aug,
   volume = 54,
    pages = {629-633},
      doi = {10.1093/pasj/54.4.629},
   adsurl = {http://adsabs.harvard.edu/abs/2002PASJ...54..629L},
  adsnote = {Provided by the SAO/NASA Astrophysics Data System}
}

@ARTICLE{Carbonell1993,
   author = {{Carbonell}, M. and {Oliver}, R. and {Ballester}, J.~L.},
    title = "{On the asymmetry of solar activity}",
  journal = {\aap},
     year = 1993,
    month = jul,
   volume = 274,
    pages = {497},
   adsurl = {http://adsabs.harvard.edu/abs/1993A%26A...274..497C},
  adsnote = {Provided by the SAO/NASA Astrophysics Data System}
}

@ARTICLE{Newton1955,
   author = {{Newton}, H.~W. and {Milsom}, A.~S.},
    title = "{Note on the observed differences in spottedness of the Sun's northern and southern hemispheres}",
  journal = {\mnras},
     year = 1955,
   volume = 115,
    pages = {398},
      doi = {10.1093/mnras/115.4.398},
   adsurl = {http://adsabs.harvard.edu/abs/1955MNRAS.115..398N},
  adsnote = {Provided by the SAO/NASA Astrophysics Data System}
}


@ARTICLE{Vizoso1990,
   author = {{Vizoso}, G. and {Ballester}, J.~L.},
    title = "{The north-south asymmetry of sunspots}",
  journal = {\aap},
 keywords = {Magnetic Dipoles, Solar Activity Effects, Solar Cycles, Solar Flares, Sunspot Cycle, Asymmetry, Northern Hemisphere, Solar Magnetic Field, Solar Prominences},
     year = 1990,
    month = mar,
   volume = 229,
    pages = {540-546},
   adsurl = {http://adsabs.harvard.edu/abs/1990A%26A...229..540V},
  adsnote = {Provided by the SAO/NASA Astrophysics Data System}
}


@ARTICLE{Hathaway2015,
   author = {{Hathaway}, D.~H.},
    title = "{The Solar Cycle}",
  journal = {Living Reviews in Solar Physics},
archivePrefix = "arXiv",
   eprint = {1502.07020},
 primaryClass = "astro-ph.SR",
 keywords = {Sunspots, Solar cycle, Solar cycle prediction, Solar activity  },
     year = 2015,
    month = sep,
   volume = 12,
      doi = {10.1007/lrsp-2015-4},
   adsurl = {http://adsabs.harvard.edu/abs/2015LRSP...12....4H},
  adsnote = {Provided by the SAO/NASA Astrophysics Data System}
}

@ARTICLE{Hathaway2011,
   author = {{Hathaway}, D.~H.},
    title = "{A Standard Law for the Equatorward Drift of the Sunspot Zones}",
  journal = {\solphys},
archivePrefix = "arXiv",
   eprint = {1108.1722},
 primaryClass = "astro-ph.SR",
 keywords = {Solar cycle, observations, Sunspots, statistics, Sunspots, velocity},
     year = 2011,
    month = oct,
   volume = 273,
    pages = {221-230},
      doi = {10.1007/s11207-011-9837-z},
   adsurl = {http://adsabs.harvard.edu/abs/2011SoPh..273..221H},
  adsnote = {Provided by the SAO/NASA Astrophysics Data System}
}

@ARTICLE{Gillon2016,
   author = {{Gillon}, M. and {Jehin}, E. and {Lederer}, S.~M. and {Delrez}, L. and 
	{de Wit}, J. and {Burdanov}, A. and {Van Grootel}, V. and {Burgasser}, A.~J. and 
	{Triaud}, A.~H.~M.~J. and {Opitom}, C. and {Demory}, B.-O. and 
	{Sahu}, D.~K. and {Bardalez Gagliuffi}, D. and {Magain}, P. and 
	{Queloz}, D.},
    title = "{Temperate Earth-sized planets transiting a nearby ultracool dwarf star}",
  journal = {\nat},
archivePrefix = "arXiv",
   eprint = {1605.07211},
 primaryClass = "astro-ph.EP",
     year = 2016,
    month = may,
   volume = 533,
    pages = {221-224},
      doi = {10.1038/nature17448},
   adsurl = {http://adsabs.harvard.edu/abs/2016Natur.533..221G},
  adsnote = {Provided by the SAO/NASA Astrophysics Data System}
}

@ARTICLE{Barstow2016,
   author = {{Barstow}, J.~K. and {Irwin}, P.~G.~J.},
    title = "{Habitable worlds with JWST: transit spectroscopy of the TRAPPIST-1 system?}",
  journal = {\mnras},
archivePrefix = "arXiv",
   eprint = {1605.07352},
 primaryClass = "astro-ph.EP",
 keywords = {radiative transfer, methods: data analysis, planets and satellites: atmospheres},
     year = 2016,
    month = sep,
   volume = 461,
    pages = {L92-L96},
      doi = {10.1093/mnrasl/slw109},
   adsurl = {http://adsabs.harvard.edu/abs/2016MNRAS.461L..92B},
  adsnote = {Provided by the SAO/NASA Astrophysics Data System}
}

@ARTICLE{Demory2016,
   author = {{Demory}, B.-O. and {Queloz}, D. and {Alibert}, Y. and {Gillen}, E. and 
	{Gillon}, M.},
    title = "{Probing TRAPPIST-1-like Systems with K2}",
  journal = {\apjl},
archivePrefix = "arXiv",
   eprint = {1606.08622},
 primaryClass = "astro-ph.EP",
 keywords = {planetary systems, techniques: photometric },
     year = 2016,
    month = jul,
   volume = 825,
      eid = {L25},
    pages = {L25},
      doi = {10.3847/2041-8205/825/2/L25},
   adsurl = {http://adsabs.harvard.edu/abs/2016ApJ...825L..25D},
  adsnote = {Provided by the SAO/NASA Astrophysics Data System}
}

@ARTICLE{deWit2016,
   author = {{de Wit}, J. and {Wakeford}, H.~R. and {Gillon}, M. and {Lewis}, N.~K. and 
	{Valenti}, J.~A. and {Demory}, B.-O. and {Burgasser}, A.~J. and 
	{Delrez}, L. and {Jehin}, E. and {Lederer}, S.~M. and {Triaud}, A.~H.~M.~J. and 
	{Van Grootel}, V.},
    title = "{A combined transmission spectrum of the Earth-sized exoplanets TRAPPIST-1 b and c}",
  journal = {ArXiv e-prints},
archivePrefix = "arXiv",
   eprint = {1606.01103},
 primaryClass = "astro-ph.EP",
 keywords = {Astrophysics - Earth and Planetary Astrophysics},
     year = 2016,
    month = jun,
   adsurl = {http://adsabs.harvard.edu/abs/2016arXiv160601103D},
  adsnote = {Provided by the SAO/NASA Astrophysics Data System}
}

@ARTICLE{Wheatley2016,
   author = {{Wheatley}, P.~J. and {Louden}, T. and {Bourrier}, V. and {Ehrenreich}, D. and 
	{Gillon}, M.},
    title = "{Strong XUV irradiation of the Earth-sized exoplanets orbiting the ultracool dwarf TRAPPIST-1}",
  journal = {ArXiv e-prints},
archivePrefix = "arXiv",
   eprint = {1605.01564},
 primaryClass = "astro-ph.EP",
 keywords = {Astrophysics - Earth and Planetary Astrophysics},
     year = 2016,
    month = may,
   adsurl = {http://adsabs.harvard.edu/abs/2016arXiv160501564W},
  adsnote = {Provided by the SAO/NASA Astrophysics Data System}
}

@ARTICLE{Bolmont2016,
   author = {{Bolmont}, E. and {Selsis}, F. and {Owen}, J.~E. and {Ribas}, I. and 
	{Raymond}, S.~N. and {Leconte}, J. and {Gillon}, M.},
    title = "{Water loss from Earth-sized planets in the habitable zones of ultracool dwarfs: Implications for the planets of TRAPPIST-1}",
  journal = {ArXiv e-prints},
archivePrefix = "arXiv",
   eprint = {1605.00616},
 primaryClass = "astro-ph.EP",
 keywords = {Astrophysics - Earth and Planetary Astrophysics},
     year = 2016,
    month = may,
   adsurl = {http://adsabs.harvard.edu/abs/2016arXiv160500616B},
  adsnote = {Provided by the SAO/NASA Astrophysics Data System}
}

@ARTICLE{Holman2005,
   author = {{Holman}, M.~J. and {Murray}, N.~W.},
    title = "{The Use of Transit Timing to Detect Terrestrial-Mass Extrasolar Planets}",
  journal = {Science},
   eprint = {astro-ph/0412028},
     year = 2005,
    month = feb,
   volume = 307,
    pages = {1288-1291},
      doi = {10.1126/science.1107822},
   adsurl = {http://adsabs.harvard.edu/abs/2005Sci...307.1288H},
  adsnote = {Provided by the SAO/NASA Astrophysics Data System}
}

@ARTICLE{Agol2005,
   author = {{Agol}, E. and {Steffen}, J. and {Sari}, R. and {Clarkson}, W.
	},
    title = "{On detecting terrestrial planets with timing of giant planet transits}",
  journal = {\mnras},
   eprint = {astro-ph/0412032},
 keywords = {eclipses, planetary systems, extrasolar planets, transiting planets, planetary dynamics},
     year = 2005,
    month = may,
   volume = 359,
    pages = {567-579},
      doi = {10.1111/j.1365-2966.2005.08922.x},
   adsurl = {http://adsabs.harvard.edu/abs/2005MNRAS.359..567A},
  adsnote = {Provided by the SAO/NASA Astrophysics Data System}
}

@ARTICLE{Ambikasaran2014,
   author = {{Ambikasaran}, S. and {Foreman-Mackey}, D. and {Greengard}, L. and 
	{Hogg}, D.~W. and {O'Neil}, M.},
    title = "{Fast Direct Methods for Gaussian Processes}",
  journal = {ArXiv e-prints},
archivePrefix = "arXiv",
   eprint = {1403.6015},
 primaryClass = "math.NA",
 keywords = {Mathematics - Numerical Analysis, Astrophysics - Instrumentation and Methods for Astrophysics, Mathematics - Statistics Theory},
     year = 2014,
    month = mar,
   adsurl = {http://adsabs.harvard.edu/abs/2014arXiv1403.6015A},
  adsnote = {Provided by the SAO/NASA Astrophysics Data System}
}

@ARTICLE{Howell2012,
   author = {{Howell}, S.~B.},
    title = "{Fringe Science: Defringing CCD Images with Neon Lamp Flat Fields}",
  journal = {\pasp},
archivePrefix = "arXiv",
   eprint = {1201.2336},
 primaryClass = "astro-ph.IM",
     year = 2012,
    month = mar,
   volume = 124,
    pages = {263-267},
      doi = {10.1086/664741},
   adsurl = {http://adsabs.harvard.edu/abs/2012PASP..124..263H},
  adsnote = {Provided by the SAO/NASA Astrophysics Data System}
}

@BOOK{Howell2006,
   author = {{Howell}, S.~B.},
    title = "{Handbook of CCD Astronomy}",
booktitle = {Handbook of CCD astronomy, 2nd ed., by S.B.~Howell.~Cambridge observing handbooks for research astronomers, Vol.~5 Cambridge, UK: Cambridge University Press, 2006 ISBN 0521852153},
     year = 2006,
    month = mar,
   editor = {{Ellis}, R. and {Huchra}, J. and {Kahn}, S. and {Rieke}, G. and 
	{Stetson}, P.~B.},
   adsurl = {http://adsabs.harvard.edu/abs/2006hca..book.....H},
  adsnote = {Provided by the SAO/NASA Astrophysics Data System}
}

@article{Fischler1981,
 author = {Fischler, Martin A. and Bolles, Robert C.},
 title = {Random Sample Consensus: A Paradigm for Model Fitting with Applications to Image Analysis and Automated Cartography},
 journal = {Commun. ACM},
 issue_date = {June 1981},
 volume = {24},
 number = {6},
 month = jun,
 year = {1981},
 issn = {0001-0782},
 pages = {381--395},
 numpages = {15},
 url = {http://doi.acm.org/10.1145/358669.358692},
 doi = {10.1145/358669.358692},
 acmid = {358692},
 publisher = {ACM},
 address = {New York, NY, USA},
 keywords = {automated cartography, camera calibration, image matching, location determination, model fitting, scene analysis},
} 

@ARTICLE{Luger2016,
   author = {{Luger}, R. and {Agol}, E. and {Kruse}, E. and {Barnes}, R. and 
	{Becker}, A. and {Foreman-Mackey}, D. and {Deming}, D.},
    title = "{EVEREST: Pixel Level Decorrelation of K2 Light Curves}",
  journal = {\aj},
archivePrefix = "arXiv",
   eprint = {1607.00524},
 primaryClass = "astro-ph.EP",
 keywords = {catalogs, planets and satellites: detection, techniques: photometric},
     year = 2016,
    month = oct,
   volume = 152,
      eid = {100},
    pages = {100},
      doi = {10.3847/0004-6256/152/4/100},
   adsurl = {http://adsabs.harvard.edu/abs/2016AJ....152..100L},
  adsnote = {Provided by the SAO/NASA Astrophysics Data System}
}
@INPROCEEDINGS{Huehnerhoff2016,
   author = {{Huehnerhoff}, J. and {Ketzeback}, W. and {Bradley}, A. and 
	{Dembicky}, J. and {Doughty}, C. and {Hawley}, S. and {Johnson}, C. and 
	{Klaene}, M. and {Leon}, E. and {McMillan}, R. and {Owen}, R. and 
	{Sayres}, C. and {Sheen}, T. and {Shugart}, A.},
    title = "{Astrophysical Research Consortium Telescope Imaging Camera (ARCTIC) facility optical imager for the Apache Point Observatory 3.5m telescope}",
booktitle = {Ground-based and Airborne Instrumentation for Astronomy VI},
     year = 2016,
   series = {\procspie},
   volume = 9908,
    month = aug,
      eid = {99085H},
    pages = {99085H},
      doi = {10.1117/12.2234214},
   adsurl = {http://adsabs.harvard.edu/abs/2016SPIE.9908E..5HH},
  adsnote = {Provided by the SAO/NASA Astrophysics Data System}
}

@ARTICLE{Stefansson2017,
   author = {{Stefansson}, G. and {Mahadevan}, S. and {Hebb}, L. and {Wisniewski}, J. and 
	{Huehnerhoff}, J. and {Morris}, B. and {Halverson}, S. and {Zhao}, M. and 
	{Wright}, J. and {O'rourke}, J. and {Knutson}, H. and {Hawley}, S. and 
	{Kanodia}, S. and {Li}, Y. and {Hagen}, L.~M.~Z. and {Liu}, L.~J. and 
	{Beatty}, T. and {Bender}, C. and {Robertson}, P. and {Dembicky}, J. and 
	{Gray}, C. and {Ketzeback}, W. and {McMillan}, R. and {Rudyk}, T.
	},
    title = "{Toward Space-like Photometric Precision from the Ground with Beam-shaping Diffusers}",
  journal = {\apj},
archivePrefix = "arXiv",
   eprint = {1710.01790},
 primaryClass = "astro-ph.IM",
 keywords = {instrumentation: miscellaneous, planets and satellites: fundamental parameters, techniques: photometric},
     year = 2017,
    month = oct,
   volume = 848,
      eid = {9},
    pages = {9},
      doi = {10.3847/1538-4357/aa88aa},
   adsurl = {http://adsabs.harvard.edu/abs/2017ApJ...848....9S},
  adsnote = {Provided by the SAO/NASA Astrophysics Data System}
}

@MISC{Foreman-Mackey2015,
   author = {{Foreman-Mackey}, D.},
    title = "{George: Gaussian Process regression}",
 keywords = {Software},
howpublished = {Astrophysics Source Code Library},
     year = 2015,
    month = nov,
archivePrefix = "ascl",
   eprint = {1511.015},
   adsurl = {http://adsabs.harvard.edu/abs/2015ascl.soft11015F},
  adsnote = {Provided by the SAO/NASA Astrophysics Data System}
}

@MISC{Bradley2016,
   author = {{Bradley}, L. and {Sipocz}, B. and {Robitaille}, T. and {Tollerud}, E. and 
	{Deil}, C. and {Vin{\'{\i}}cius}, Z. and {Barbary}, K. and {G{\"u}nther}, H.~M. and 
	{Bostroem}, A. and {Droettboom}, M. and {Bray}, E. and {Bratholm}, L.~A. and 
	{Pickering}, T.~E. and {Craig}, M. and {Pascual}, S. and {Greco}, J. and 
	{Donath}, A. and {Kerzendorf}, W. and {Littlefair}, S. and {Barentsen}, G. and 
	{D'Eugenio}, F. and {Weaver}, B.~A.},
    title = "{Photutils: Photometry tools}",
 keywords = {Software},
howpublished = {Astrophysics Source Code Library},
     year = 2016,
    month = sep,
archivePrefix = "ascl",
   eprint = {1609.011},
   adsurl = {http://adsabs.harvard.edu/abs/2016ascl.soft09011B},
  adsnote = {Provided by the SAO/NASA Astrophysics Data System}
}

@article{software, title={bmorris3/trappist1_arctic_2016: 0.1}, DOI={10.5281/zenodo.1064302}, abstractNote={APO ARC 3.5 m/ARCTIC photometry of TRAPPIST-1}, publisher={Zenodo}, author={Brett M. Morris}, year={2017}, month={Nov}}


@ARTICLE{Astropy2013,
   author = {{Astropy Collaboration} and {Robitaille}, T.~P. and {Tollerud}, E.~J. and 
    {Greenfield}, P. and {Droettboom}, M. and {Bray}, E. and {Aldcroft}, T. and 
    {Davis}, M. and {Ginsburg}, A. and {Price-Whelan}, A.~M. and 
    {Kerzendorf}, W.~E. and {Conley}, A. and {Crighton}, N. and 
    {Barbary}, K. and {Muna}, D. and {Ferguson}, H. and {Grollier}, F. and 
    {Parikh}, M.~M. and {Nair}, P.~H. and {Unther}, H.~M. and {Deil}, C. and 
    {Woillez}, J. and {Conseil}, S. and {Kramer}, R. and {Turner}, J.~E.~H. and 
    {Singer}, L. and {Fox}, R. and {Weaver}, B.~A. and {Zabalza}, V. and 
    {Edwards}, Z.~I. and {Azalee Bostroem}, K. and {Burke}, D.~J. and 
    {Casey}, A.~R. and {Crawford}, S.~M. and {Dencheva}, N. and 
    {Ely}, J. and {Jenness}, T. and {Labrie}, K. and {Lian Lim}, P. and 
    {Pierfederici}, F. and {Pontzen}, A. and {Ptak}, A. and {Refsdal}, B. and 
    {Servillat}, M. and {Streicher}, O.},
    title = "{Astropy: A community Python package for astronomy}",
  journal = {\aap},
 keywords = {methods: data analysis, methods: miscellaneous, virtual observatory tools},
     year = 2013,
    month = oct,
   volume = 558,
      eid = {A33},
    pages = {A33},
      doi = {10.1051/0004-6361/201322068},
   adsurl = {http://adsabs.harvard.edu/abs/2013A%26A...558A..33A},
  adsnote = {Provided by the SAO/NASA Astrophysics Data System}
}

@ARTICLE{Gillon2017,
   author = {{Gillon}, M. and {Triaud}, A.~H.~M.~J. and {Demory}, B.-O. and 
	{Jehin}, E. and {Agol}, E. and {Deck}, K.~M. and {Lederer}, S.~M. and 
	{de Wit}, J. and {Burdanov}, A. and {Ingalls}, J.~G. and {Bolmont}, E. and 
	{Leconte}, J. and {Raymond}, S.~N. and {Selsis}, F. and {Turbet}, M. and 
	{Barkaoui}, K. and {Burgasser}, A. and {Burleigh}, M.~R. and 
	{Carey}, S.~J. and {Chaushev}, A. and {Copperwheat}, C.~M. and 
	{Delrez}, L. and {Fernandes}, C.~S. and {Holdsworth}, D.~L. and 
	{Kotze}, E.~J. and {Van Grootel}, V. and {Almleaky}, Y. and 
	{Benkhaldoun}, Z. and {Magain}, P. and {Queloz}, D.},
    title = "{Seven temperate terrestrial planets around the nearby ultracool dwarf star TRAPPIST-1}",
  journal = {\nat},
archivePrefix = "arXiv",
   eprint = {1703.01424},
 primaryClass = "astro-ph.EP",
     year = 2017,
    month = feb,
   volume = 542,
    pages = {456-460},
      doi = {10.1038/nature21360},
   adsurl = {http://adsabs.harvard.edu/abs/2017Natur.542..456G},
  adsnote = {Provided by the SAO/NASA Astrophysics Data System}
}

@ARTICLE{astroplan,
   author = {{Morris}, B.~M. and {Tollerud}, E. and {Sipocz}, B. and {Deil}, C. and 
	{Douglas}, S.~T. and {Berlanga Medina}, J. and {Vyhmeister}, K. and 
	{Smith}, T.~R. and {Littlefair}, S. and {Price-Whelan}, A.~M. and 
	{Gee}, W.~T. and {Jeschke}, E.},
    title = "{astroplan: An Open Source Observation Planning Package in Python}",
  journal = {ArXiv e-prints},
archivePrefix = "arXiv",
   eprint = {1712.09631},
 primaryClass = "astro-ph.IM",
 keywords = {Astrophysics - Instrumentation and Methods for Astrophysics},
     year = 2017,
    month = dec,
   adsurl = {http://adsabs.harvard.edu/abs/2017arXiv171209631M},
  adsnote = {Provided by the SAO/NASA Astrophysics Data System}
}
