Retrieved 1 abstracts, starting with number 1.  Total number selected: 1.

@ARTICLE{bakos2010,
   author = {{Bakos}, G.~{\'A}. and {Torres}, G. and {P{\'a}l}, A. and {Hartman}, J. and 
	{Kov{\'a}cs}, G. and {Noyes}, R.~W. and {Latham}, D.~W. and 
	{Sasselov}, D.~D. and {Sip{\H o}cz}, B. and {Esquerdo}, G.~A. and 
	{Fischer}, D.~A. and {Johnson}, J.~A. and {Marcy}, G.~W. and 
	{Butler}, R.~P. and {Isaacson}, H. and {Howard}, A. and {Vogt}, S. and 
	{Kov{\'a}cs}, G. and {Fernandez}, J. and {Mo{\'o}r}, A. and 
	{Stefanik}, R.~P. and {L{\'a}z{\'a}r}, J. and {Papp}, I. and 
	{S{\'a}ri}, P.},
    title = "{HAT-P-11b: A Super-Neptune Planet Transiting a Bright K Star in the Kepler Field}",
  journal = {\apj},
archivePrefix = "arXiv",
   eprint = {0901.0282},
 primaryClass = "astro-ph.EP",
 keywords = {planetary systems, stars: individual: HAT-P-11 GSC 03561-02092, techniques: photometric, techniques: spectroscopic},
     year = 2010,
    month = feb,
   volume = 710,
    pages = {1724-1745},
      doi = {10.1088/0004-637X/710/2/1724},
   adsurl = {http://adsabs.harvard.edu/abs/2010ApJ...710.1724B},
  adsnote = {Provided by the SAO/NASA Astrophysics Data System}
}

@ARTICLE{Christensen-Dalsgaard2010,
   author = {{Christensen-Dalsgaard}, J. and {Kjeldsen}, H. and {Brown}, T.~M. and 
	{Gilliland}, R.~L. and {Arentoft}, T. and {Frandsen}, S. and 
	{Quirion}, P.-O. and {Borucki}, W.~J. and {Koch}, D. and {Jenkins}, J.~M.
	},
    title = "{Asteroseismic Investigation of Known Planet Hosts in the Kepler Field}",
  journal = {\apjl},
archivePrefix = "arXiv",
   eprint = {1001.0032},
 primaryClass = "astro-ph.SR",
 keywords = {planetary systems, stars: fundamental parameters, stars: oscillations},
     year = 2010,
    month = apr,
   volume = 713,
    pages = {L164-L168},
      doi = {10.1088/2041-8205/713/2/L164},
   adsurl = {http://adsabs.harvard.edu/abs/2010ApJ...713L.164C},
  adsnote = {Provided by the SAO/NASA Astrophysics Data System}
}


@ARTICLE{Winn2010,
   author = {{Winn}, J.~N. and {Johnson}, J.~A. and {Howard}, A.~W. and {Marcy}, G.~W. and 
	{Isaacson}, H. and {Shporer}, A. and {Bakos}, G.~{\'A}. and 
	{Hartman}, J.~D. and {Albrecht}, S.},
    title = "{The Oblique Orbit of the Super-Neptune HAT-P-11b}",
  journal = {\apjl},
archivePrefix = "arXiv",
   eprint = {1009.5671},
 primaryClass = "astro-ph.EP",
 keywords = {planetary systems, planets and satellites: formation, planet-star interactions, stars: rotation},
     year = 2010,
    month = nov,
   volume = 723,
    pages = {L223-L227},
      doi = {10.1088/2041-8205/723/2/L223},
   adsurl = {http://adsabs.harvard.edu/abs/2010ApJ...723L.223W},
  adsnote = {Provided by the SAO/NASA Astrophysics Data System}
}

@ARTICLE{Deming2011,
   author = {{Deming}, D. and {Sada}, P.~V. and {Jackson}, B. and {Peterson}, S.~W. and 
	{Agol}, E. and {Knutson}, H.~A. and {Jennings}, D.~E. and {Haase}, F. and 
	{Bays}, K.},
    title = "{Kepler and Ground-based Transits of the Exo-Neptune HAT-P-11b}",
  journal = {\apj},
archivePrefix = "arXiv",
   eprint = {1107.2977},
 primaryClass = "astro-ph.EP",
 keywords = {planetary systems, planets and satellites: general, stars: activity, starspots},
     year = 2011,
    month = oct,
   volume = 740,
      eid = {33},
    pages = {33},
      doi = {10.1088/0004-637X/740/1/33},
   adsurl = {http://adsabs.harvard.edu/abs/2011ApJ...740...33D},
  adsnote = {Provided by the SAO/NASA Astrophysics Data System}
}

@ARTICLE{Hirano2011,
   author = {{Hirano}, T. and {Narita}, N. and {Shporer}, A. and {Sato}, B. and 
	{Aoki}, W. and {Tamura}, M.},
    title = "{A Possible Tilted Orbit of the Super-Neptune HAT-P-11b}",
  journal = {\pasj},
archivePrefix = "arXiv",
   eprint = {1009.5677},
 primaryClass = "astro-ph.EP",
 keywords = {stars: planetary systems: individual (HAT-P-11), stars: rotation, techniques: photometric, techniques: radial velocities, techniques: spectroscopic},
     year = 2011,
    month = mar,
   volume = 63,
    pages = {531-},
      doi = {10.1093/pasj/63.sp2.S531},
   adsurl = {http://adsabs.harvard.edu/abs/2011PASJ...63S.531H},
  adsnote = {Provided by the SAO/NASA Astrophysics Data System}
}


@ARTICLE{Sanchis-Ojeda2011,
   author = {{Sanchis-Ojeda}, R. and {Winn}, J.~N.},
    title = "{Starspots, Spin-Orbit Misalignment, and Active Latitudes in the HAT-P-11 Exoplanetary System}",
  journal = {\apj},
archivePrefix = "arXiv",
   eprint = {1107.2920},
 primaryClass = "astro-ph.EP",
 keywords = {planetary systems, stars: activity, stars: individual: HAT-P-11, stars: rotation, starspots},
     year = 2011,
    month = dec,
   volume = 743,
      eid = {61},
    pages = {61},
      doi = {10.1088/0004-637X/743/1/61},
   adsurl = {http://adsabs.harvard.edu/abs/2011ApJ...743...61S},
  adsnote = {Provided by the SAO/NASA Astrophysics Data System}
}


@ARTICLE{Southworth2011,
   author = {{Southworth}, J.},
    title = "{Homogeneous studies of transiting extrasolar planets - IV. Thirty systems with space-based light curves}",
  journal = {\mnras},
archivePrefix = "arXiv",
   eprint = {1107.1235},
 primaryClass = "astro-ph.EP",
 keywords = {binaries: eclipsing, binaries: spectroscopic, stars: fundamental parameters, planetary systems},
     year = 2011,
    month = nov,
   volume = 417,
    pages = {2166-2196},
      doi = {10.1111/j.1365-2966.2011.19399.x},
   adsurl = {http://adsabs.harvard.edu/abs/2011MNRAS.417.2166S},
  adsnote = {Provided by the SAO/NASA Astrophysics Data System}
}


@ARTICLE{Beky2014a,
   author = {{B{\'e}ky}, B. and {Holman}, M.~J. and {Kipping}, D.~M. and 
	{Noyes}, R.~W.},
    title = "{Stellar Rotation-Planetary Orbit Period Commensurability in the HAT-P-11 System}",
  journal = {\apj},
archivePrefix = "arXiv",
   eprint = {1403.7526},
 primaryClass = "astro-ph.SR",
 keywords = {stars: activity, stars: individual: HAT-P-11 Kepler-17, stars: rotation},
     year = 2014,
    month = jun,
   volume = 788,
      eid = {1},
    pages = {1},
      doi = {10.1088/0004-637X/788/1/1},
   adsurl = {http://adsabs.harvard.edu/abs/2014ApJ...788....1B},
  adsnote = {Provided by the SAO/NASA Astrophysics Data System}
}


@ARTICLE{Beky2014b,
   author = {{B{\'e}ky}, B. and {Kipping}, D.~M. and {Holman}, M.~J.},
    title = "{SPOTROD: a semi-analytic model for transits of spotted stars}",
  journal = {\mnras},
archivePrefix = "arXiv",
   eprint = {1407.4465},
 primaryClass = "astro-ph.EP",
 keywords = {techniques: photometric, stars: individual: HAT-P-11- starspots},
     year = 2014,
    month = aug,
   volume = 442,
    pages = {3686-3699},
      doi = {10.1093/mnras/stu1061},
   adsurl = {http://adsabs.harvard.edu/abs/2014MNRAS.442.3686B},
  adsnote = {Provided by the SAO/NASA Astrophysics Data System}
}



@ARTICLE{Fraine2014,
   author = {{Fraine}, J. and {Deming}, D. and {Benneke}, B. and {Knutson}, H. and 
	{Jord{\'a}n}, A. and {Espinoza}, N. and {Madhusudhan}, N. and 
	{Wilkins}, A. and {Todorov}, K.},
    title = "{Water vapour absorption in the clear atmosphere of a Neptune-sized exoplanet}",
  journal = {\nat},
archivePrefix = "arXiv",
   eprint = {1409.8349},
 primaryClass = "astro-ph.EP",
     year = 2014,
    month = sep,
   volume = 513,
    pages = {526-529},
      doi = {10.1038/nature13785},
   adsurl = {http://adsabs.harvard.edu/abs/2014Natur.513..526F},
  adsnote = {Provided by the SAO/NASA Astrophysics Data System}
}



@ARTICLE{Maxted2014,
   author = {{Maxted}, P.~F.~L. and {Serenelli}, A.~M. and {Southworth}, J.
	},
    title = "{Comparison of gyrochronological and isochronal age estimates for transiting exoplanet host stars}",
  journal = {\aap},
archivePrefix = "arXiv",
   eprint = {1503.09111},
 primaryClass = "astro-ph.EP",
 keywords = {stars: solar-type, planet-star interactions},
     year = 2015,
    month = may,
   volume = 577,
      eid = {A90},
    pages = {A90},
      doi = {10.1051/0004-6361/201525774},
   adsurl = {http://adsabs.harvard.edu/abs/2015A%26A...577A..90M},
  adsnote = {Provided by the SAO/NASA Astrophysics Data System}
}

@ARTICLE{Goodman2010,
   author = {{Goodman}, J. and {Weare}, J.
	},
    title = "{Ensemble samplers with affine invariance}",
  journal = {Communications in Applied Mathematics and Computational Science},
     year = 2010,
    month = nov,
   volume = 5,
    pages = {65-80},
      doi = {10.2140/camcos.2010.5.65},
}


@misc{gatspy,
  author       = {Jake Vanderplas},
  title        = {{gatspy: General tools for Astronomical Time Series 
                   in Python}},
  month        = feb,
  year         = 2015,
  doi          = {10.5281/zenodo.14833},
  url          = {http://dx.doi.org/10.5281/zenodo.14833}
}

@ARTICLE{Kipping2013,
   author = {{Kipping}, D.~M.},
    title = "{Efficient, uninformative sampling of limb darkening coefficients for two-parameter laws}",
  journal = {\mnras},
archivePrefix = "arXiv",
   eprint = {1308.0009},
 primaryClass = "astro-ph.SR",
 keywords = {methods: analytical, stars: atmospheres},
     year = 2013,
    month = nov,
   volume = 435,
    pages = {2152-2160},
      doi = {10.1093/mnras/stt1435},
   adsurl = {http://adsabs.harvard.edu/abs/2013MNRAS.435.2152K},
  adsnote = {Provided by the SAO/NASA Astrophysics Data System}
}


@ARTICLE{Carter2011,
   author = {{Carter}, J.~A. and {Winn}, J.~N. and {Holman}, M.~J. and {Fabrycky}, D. and 
	{Berta}, Z.~K. and {Burke}, C.~J. and {Nutzman}, P.},
    title = "{The Transit Light Curve Project. XIII. Sixteen Transits of the Super-Earth GJ 1214b}",
  journal = {\apj},
archivePrefix = "arXiv",
   eprint = {1012.0376},
 primaryClass = "astro-ph.EP",
 keywords = {planetary systems, planets and satellites: individual: GJ 1214b GJ 1214, techniques: photometric},
     year = 2011,
    month = apr,
   volume = 730,
      eid = {82},
    pages = {82},
      doi = {10.1088/0004-637X/730/2/82},
   adsurl = {http://adsabs.harvard.edu/abs/2011ApJ...730...82C},
  adsnote = {Provided by the SAO/NASA Astrophysics Data System}
}


@ARTICLE{Czesla2009,
   author = {{Czesla}, S. and {Huber}, K.~F. and {Wolter}, U. and {Schr{\"o}ter}, S. and 
	{Schmitt}, J.~H.~M.~M.},
    title = "{How stellar activity affects the size estimates of extrasolar planets}",
  journal = {\aap},
archivePrefix = "arXiv",
   eprint = {0906.3604},
 primaryClass = "astro-ph.SR",
 keywords = {techniques: photometric, stars: activity, starspots, stars: individual: CoRoT-2a, planetary systems},
     year = 2009,
    month = oct,
   volume = 505,
    pages = {1277-1282},
      doi = {10.1051/0004-6361/200912454},
   adsurl = {http://adsabs.harvard.edu/abs/2009A%26A...505.1277C},
  adsnote = {Provided by the SAO/NASA Astrophysics Data System}
}


@ARTICLE{Berdyugina2005,
   author = {{Berdyugina}, S.~V.},
    title = "{Starspots: A Key to the Stellar Dynamo}",
  journal = {Living Reviews in Solar Physics},
 keywords = {starspots, sunspots, stellar magnetic fields, stellar cycles, dynamo, differential rotation, Doppler imaging},
     year = 2005,
    month = dec,
   volume = 2,
      eid = {8},
    pages = {8},
      doi = {10.12942/lrsp-2005-8},
   adsurl = {http://adsabs.harvard.edu/abs/2005LRSP....2....8B},
  adsnote = {Provided by the SAO/NASA Astrophysics Data System}
}


@ARTICLE{Aigrain2015,
   author = {{Aigrain}, S. and {Llama}, J. and {Ceillier}, T. and {Chagas}, M.~L.~d. and 
	{Davenport}, J.~R.~A. and {Garc{\'{\i}}a}, R.~A. and {Hay}, K.~L. and 
	{Lanza}, A.~F. and {McQuillan}, A. and {Mazeh}, T. and {de Medeiros}, J.~R. and 
	{Nielsen}, M.~B. and {Reinhold}, T.},
    title = "{Testing the recovery of stellar rotation signals from Kepler light curves using a blind hare-and-hounds exercise}",
  journal = {\mnras},
archivePrefix = "arXiv",
   eprint = {1504.04029},
 primaryClass = "astro-ph.SR",
 keywords = {methods: data analysis, techniques: photometric, surveys, stars: rotation, starspots},
     year = 2015,
    month = jul,
   volume = 450,
    pages = {3211-3226},
      doi = {10.1093/mnras/stv853},
   adsurl = {http://adsabs.harvard.edu/abs/2015MNRAS.450.3211A},
  adsnote = {Provided by the SAO/NASA Astrophysics Data System}
}


@ARTICLE{Huber2010,
   author = {{Huber}, K.~F. and {Czesla}, S. and {Wolter}, U. and {Schmitt}, J.~H.~M.~M.
	},
    title = "{Planetary eclipse mapping of CoRoT-2a. Evolution, differential rotation, and spot migration}",
  journal = {\aap},
archivePrefix = "arXiv",
   eprint = {1002.4113},
 primaryClass = "astro-ph.SR",
 keywords = {planetary systems, techniques: photometric, stars: activity, starspots, stars: individual: CoRoT-2a},
     year = 2010,
    month = may,
   volume = 514,
      eid = {A39},
    pages = {A39},
      doi = {10.1051/0004-6361/200913914},
   adsurl = {http://adsabs.harvard.edu/abs/2010A%26A...514A..39H},
  adsnote = {Provided by the SAO/NASA Astrophysics Data System}
}


@ARTICLE{Csizmadia2013,
   author = {{Csizmadia}, S. and {Pasternacki}, T. and {Dreyer}, C. and {Cabrera}, J. and 
	{Erikson}, A. and {Rauer}, H.},
    title = "{The effect of stellar limb darkening values on the accuracy of the planet radii derived from photometric transit observations}",
  journal = {\aap},
archivePrefix = "arXiv",
   eprint = {1212.2372},
 primaryClass = "astro-ph.EP",
 keywords = {techniques: photometric, planetary systems},
     year = 2013,
    month = jan,
   volume = 549,
      eid = {A9},
    pages = {A9},
      doi = {10.1051/0004-6361/201219888},
   adsurl = {http://adsabs.harvard.edu/abs/2013A%26A...549A...9C},
  adsnote = {Provided by the SAO/NASA Astrophysics Data System}
}

@ARTICLE{Schuessler1996,
   author = {{Schuessler}, M. and {Caligari}, P. and {Ferriz-Mas}, A. and 
	{Solanki}, S.~K. and {Stix}, M.},
    title = "{Distribution of starspots on cool stars. I. Young and main sequence stars of 1M$_{sun}$\_.}",
  journal = {\aap},
 keywords = {STARS: MAGNETIC FIELDS, STARS: ACTIVITY, MHD},
     year = 1996,
    month = oct,
   volume = 314,
    pages = {503-512},
   adsurl = {http://adsabs.harvard.edu/abs/1996A%26A...314..503S},
  adsnote = {Provided by the SAO/NASA Astrophysics Data System}
}

@ARTICLE{Granzer2000,
   author = {{Granzer}, T. and {Sch{\"u}ssler}, M. and {Caligari}, P. and 
	{Strassmeier}, K.~G.},
    title = "{Distribution of starspots on cool stars. II. Pre-main-sequence and ZAMS stars between 0.4 M$_{sun}$ and 1.7 M$_{sun}$}",
  journal = {\aap},
 keywords = {MAGNETOHYDRODYNAMICS (MHD), STARS: ROTATION, STARS: PRE-MAIN SEQUENCE, STARS: MAGNETIC FIELDS, STARS: ACTIVITY},
     year = 2000,
    month = mar,
   volume = 355,
    pages = {1087-1097},
   adsurl = {http://adsabs.harvard.edu/abs/2000A%26A...355.1087G},
  adsnote = {Provided by the SAO/NASA Astrophysics Data System}
}


@ARTICLE{Eker2003,
   author = {{Eker}, Z. and {Brandt}, P.~N. and {Hanslmeier}, A. and {Otruba}, W. and 
	{Wehrli}, C.},
    title = "{Deriving effective sunspot temperatures from SOHO/VIRGO irradiance measurements.  A starspot modelling approach}",
  journal = {\aap},
 keywords = {Sun: sunspots, Sun: activity, Sun: photosphere, stars: starspots, Sun: UV radiation},
     year = 2003,
    month = jun,
   volume = 404,
    pages = {1107-1115},
      doi = {10.1051/0004-6361:20030573},
   adsurl = {http://adsabs.harvard.edu/abs/2003A%26A...404.1107E},
  adsnote = {Provided by the SAO/NASA Astrophysics Data System}
}


@ARTICLE{Leonard2008,
   author = {{Leonard}, T. and {Choudhary}, D.~P.},
    title = "{Intensity and Magnetic Field Distribution of Sunspots}",
  journal = {\solphys},
 keywords = {Sun: magnetic field, Sun: sunspot, Sun: brightness},
     year = 2008,
    month = oct,
   volume = 252,
    pages = {33-41},
      doi = {10.1007/s11207-008-9256-y},
   adsurl = {http://adsabs.harvard.edu/abs/2008SoPh..252...33L},
  adsnote = {Provided by the SAO/NASA Astrophysics Data System}
}



@ARTICLE{Keppens1996,
   author = {{Keppens}, R. and {Martinez Pillet}, V.},
    title = "{The magnetic structure of pores and sunspots derived from Advanced Stokes Polarimeter data.}",
  journal = {\aap},
 keywords = {POLARIZATION, SUN: MAGNETIC FIELDS, SUN: SUNSPOTS},
     year = 1996,
    month = dec,
   volume = 316,
    pages = {229-242},
   adsurl = {http://adsabs.harvard.edu/abs/1996A%26A...316..229K},
  adsnote = {Provided by the SAO/NASA Astrophysics Data System}
}


@ARTICLE{Roettenbacher2013,
   author = {{Roettenbacher}, R.~M. and {Monnier}, J.~D. and {Harmon}, R.~O. and 
	{Barclay}, T. and {Still}, M.},
    title = "{Imaging Starspot Evolution on Kepler Target KIC 5110407 Using Light-Curve Inversion}",
  journal = {\apj},
archivePrefix = "arXiv",
   eprint = {1302.6268},
 primaryClass = "astro-ph.SR",
 keywords = {stars: activity, stars: imaging, stars: variables: general},
     year = 2013,
    month = apr,
   volume = 767,
      eid = {60},
    pages = {60},
      doi = {10.1088/0004-637X/767/1/60},
   adsurl = {http://adsabs.harvard.edu/abs/2013ApJ...767...60R},
  adsnote = {Provided by the SAO/NASA Astrophysics Data System}
}

@ARTICLE{Frasca2011,
   author = {{Frasca}, A. and {Fr{\"o}hlich}, H.-E. and {Bonanno}, A. and 
	{Catanzaro}, G. and {Biazzo}, K. and {Molenda-{\.Z}akowicz}, J.
	},
    title = "{Magnetic activity and differential rotation in the very young star KIC 8429280}",
  journal = {\aap},
archivePrefix = "arXiv",
   eprint = {1106.4928},
 primaryClass = "astro-ph.SR",
 keywords = {stars: activity, starspots, stars: rotation, stars: chromospheres, stars: individual: KIC 8429280, X-rays: stars},
     year = 2011,
    month = aug,
   volume = 532,
      eid = {A81},
    pages = {A81},
      doi = {10.1051/0004-6361/201116980},
   adsurl = {http://adsabs.harvard.edu/abs/2011A%26A...532A..81F},
  adsnote = {Provided by the SAO/NASA Astrophysics Data System}
}

@ARTICLE{McQuillan2014,
   author = {{McQuillan}, A. and {Mazeh}, T. and {Aigrain}, S.},
    title = "{Rotation Periods of 34,030 Kepler Main-sequence Stars: The Full Autocorrelation Sample}",
  journal = {\apjs},
archivePrefix = "arXiv",
   eprint = {1402.5694},
 primaryClass = "astro-ph.SR",
 keywords = {catalogs, methods: data analysis, methods: observational, stars: activity, stars: low-mass, stars: rotation, techniques: photometric},
     year = 2014,
    month = apr,
   volume = 211,
      eid = {24},
    pages = {24},
      doi = {10.1088/0067-0049/211/2/24},
   adsurl = {http://adsabs.harvard.edu/abs/2014ApJS..211...24M},
  adsnote = {Provided by the SAO/NASA Astrophysics Data System}
}



@ARTICLE{Ohta2005,
   author = {{Ohta}, Y. and {Taruya}, A. and {Suto}, Y.},
    title = "{The Rossiter-McLaughlin Effect and Analytic Radial Velocity Curves for Transiting Extrasolar Planetary Systems}",
  journal = {\apj},
   eprint = {astro-ph/0410499},
 keywords = {Stars: Planetary Systems, Stars: Individual: Henry Draper Number: HD 209458, Techniques: Spectroscopic},
     year = 2005,
    month = apr,
   volume = 622,
    pages = {1118-1135},
      doi = {10.1086/428344},
   adsurl = {http://adsabs.harvard.edu/abs/2005ApJ...622.1118O},
  adsnote = {Provided by the SAO/NASA Astrophysics Data System}
}


@ARTICLE{Winn2005,
   author = {{Winn}, J.~N. and {Noyes}, R.~W. and {Holman}, M.~J. and {Charbonneau}, D. and 
	{Ohta}, Y. and {Taruya}, A. and {Suto}, Y. and {Narita}, N. and 
	{Turner}, E.~L. and {Johnson}, J.~A. and {Marcy}, G.~W. and 
	{Butler}, R.~P. and {Vogt}, S.~S.},
    title = "{Measurement of Spin-Orbit Alignment in an Extrasolar Planetary System}",
  journal = {\apj},
   eprint = {astro-ph/0504555},
 keywords = {Stars: Planetary Systems, Stars: Planetary Systems: Formation, Stars: Individual: Henry Draper Number: HD 209458, Stars: Rotation},
     year = 2005,
    month = oct,
   volume = 631,
    pages = {1215-1226},
      doi = {10.1086/432571},
   adsurl = {http://adsabs.harvard.edu/abs/2005ApJ...631.1215W},
  adsnote = {Provided by the SAO/NASA Astrophysics Data System}
}

@ARTICLE{Fabrycky2009,
   author = {{Fabrycky}, D.~C. and {Winn}, J.~N.},
    title = "{Exoplanetary Spin-Orbit Alignment: Results from the Ensemble of Rossiter-McLaughlin Observations}",
  journal = {\apj},
archivePrefix = "arXiv",
   eprint = {0902.0737},
 primaryClass = "astro-ph.EP",
 keywords = {celestial mechanics, methods: statistical, planetary systems, stars: rotation},
     year = 2009,
    month = may,
   volume = 696,
    pages = {1230-1240},
      doi = {10.1088/0004-637X/696/2/1230},
   adsurl = {http://adsabs.harvard.edu/abs/2009ApJ...696.1230F},
  adsnote = {Provided by the SAO/NASA Astrophysics Data System}
}


@ARTICLE{Howard1984,
   author = {{Howard}, R. and {Gilman}, P.~I. and {Gilman}, P.~A.},
    title = "{Rotation of the sun measured from Mount Wilson white-light images}",
  journal = {\apj},
 keywords = {Astronomical Photography, Solar Rotation, Sunspots, Angular Velocity, Annual Variations, Data Reduction},
     year = 1984,
    month = aug,
   volume = 283,
    pages = {373-384},
      doi = {10.1086/162315},
   adsurl = {http://adsabs.harvard.edu/abs/1984ApJ...283..373H},
  adsnote = {Provided by the SAO/NASA Astrophysics Data System}
}


@ARTICLE{Li2002,
   author = {{Li}, K.-J. and {Liu}, X.-H. and {Yun}, H.-S. and {Xiong}, S.-Y. and 
	{Liang}, H.-F. and {Zhao}, H.-Z. and {Zhan}, L.-S. and {Gu}, X.-M.
	},
    title = "{Asymmetrical Distribution of Sunspot Groups in the Solar Hemispheres}",
  journal = {\pasj},
 keywords = {activity, Sun : general, Sun : sunspots},
     year = 2002,
    month = aug,
   volume = 54,
    pages = {629-633},
      doi = {10.1093/pasj/54.4.629},
   adsurl = {http://adsabs.harvard.edu/abs/2002PASJ...54..629L},
  adsnote = {Provided by the SAO/NASA Astrophysics Data System}
}

@ARTICLE{Carbonell1993,
   author = {{Carbonell}, M. and {Oliver}, R. and {Ballester}, J.~L.},
    title = "{On the asymmetry of solar activity}",
  journal = {\aap},
     year = 1993,
    month = jul,
   volume = 274,
    pages = {497},
   adsurl = {http://adsabs.harvard.edu/abs/1993A%26A...274..497C},
  adsnote = {Provided by the SAO/NASA Astrophysics Data System}
}

@ARTICLE{Newton1955,
   author = {{Newton}, H.~W. and {Milsom}, A.~S.},
    title = "{Note on the observed differences in spottedness of the Sun's northern and southern hemispheres}",
  journal = {\mnras},
     year = 1955,
   volume = 115,
    pages = {398},
      doi = {10.1093/mnras/115.4.398},
   adsurl = {http://adsabs.harvard.edu/abs/1955MNRAS.115..398N},
  adsnote = {Provided by the SAO/NASA Astrophysics Data System}
}


@ARTICLE{Vizoso1990,
   author = {{Vizoso}, G. and {Ballester}, J.~L.},
    title = "{The north-south asymmetry of sunspots}",
  journal = {\aap},
 keywords = {Magnetic Dipoles, Solar Activity Effects, Solar Cycles, Solar Flares, Sunspot Cycle, Asymmetry, Northern Hemisphere, Solar Magnetic Field, Solar Prominences},
     year = 1990,
    month = mar,
   volume = 229,
    pages = {540-546},
   adsurl = {http://adsabs.harvard.edu/abs/1990A%26A...229..540V},
  adsnote = {Provided by the SAO/NASA Astrophysics Data System}
}


@ARTICLE{Hathaway2015,
   author = {{Hathaway}, D.~H.},
    title = "{The Solar Cycle}",
  journal = {Living Reviews in Solar Physics},
archivePrefix = "arXiv",
   eprint = {1502.07020},
 primaryClass = "astro-ph.SR",
 keywords = {Sunspots, Solar cycle, Solar cycle prediction, Solar activity  },
     year = 2015,
    month = sep,
   volume = 12,
      doi = {10.1007/lrsp-2015-4},
   adsurl = {http://adsabs.harvard.edu/abs/2015LRSP...12....4H},
  adsnote = {Provided by the SAO/NASA Astrophysics Data System}
}

@ARTICLE{Hathaway2011,
   author = {{Hathaway}, D.~H.},
    title = "{A Standard Law for the Equatorward Drift of the Sunspot Zones}",
  journal = {\solphys},
archivePrefix = "arXiv",
   eprint = {1108.1722},
 primaryClass = "astro-ph.SR",
 keywords = {Solar cycle, observations, Sunspots, statistics, Sunspots, velocity},
     year = 2011,
    month = oct,
   volume = 273,
    pages = {221-230},
      doi = {10.1007/s11207-011-9837-z},
   adsurl = {http://adsabs.harvard.edu/abs/2011SoPh..273..221H},
  adsnote = {Provided by the SAO/NASA Astrophysics Data System}
}


@ARTICLE{Vaughan1978,
   author = {{Vaughan}, A.~H. and {Preston}, G.~W. and {Wilson}, O.~C.},
    title = "{Flux measurements of CA II H and K emission}",
  journal = {\pasp},
 keywords = {Chromosphere, Emission Spectra, H Lines, K Lines, Stellar Spectrophotometry, Absorption Spectra, Spectrophotometers, Statistical Analysis},
     year = 1978,
    month = jun,
   volume = 90,
    pages = {267-274},
      doi = {10.1086/130324},
   adsurl = {http://adsabs.harvard.edu/abs/1978PASP...90..267V},
  adsnote = {Provided by the SAO/NASA Astrophysics Data System}
}

@ARTICLE{Alvarado-Gomez2015,
   author = {{Alvarado-G{\'o}mez}, J.~D. and {Hussain}, G.~A.~J. and {Grunhut}, J. and 
	{Fares}, R. and {Donati}, J.-F. and {Alecian}, E. and {Kochukhov}, O. and 
	{Oksala}, M. and {Morin}, J. and {Redfield}, S. and {Cohen}, O. and 
	{Drake}, J.~J. and {Jardine}, M. and {Matt}, S. and {Petit}, P. and 
	{Walter}, F.~M.},
    title = "{Activity and magnetic field structure of the Sun-like planet-hosting star HD 1237}",
  journal = {\aap},
archivePrefix = "arXiv",
   eprint = {1507.04117},
 primaryClass = "astro-ph.SR",
 keywords = {stars: activity, stars: magnetic field, stars: solar-type, stars: individual: HD 1237},
     year = 2015,
    month = oct,
   volume = 582,
      eid = {A38},
    pages = {A38},
      doi = {10.1051/0004-6361/201525771},
   adsurl = {http://adsabs.harvard.edu/abs/2015A%26A...582A..38A},
  adsnote = {Provided by the SAO/NASA Astrophysics Data System}
}

@ARTICLE{Duncan1991,
   author = {{Duncan}, D.~K. and {Vaughan}, A.~H. and {Wilson}, O.~C. and 
	{Preston}, G.~W. and {Frazer}, J. and {Lanning}, H. and {Misch}, A. and 
	{Mueller}, J. and {Soyumer}, D. and {Woodard}, L. and {Baliunas}, S.~L. and 
	{Noyes}, R.~W. and {Hartmann}, L.~W. and {Porter}, A. and {Zwaan}, C. and 
	{Middelkoop}, F. and {Rutten}, R.~G.~M. and {Mihalas}, D.},
    title = "{CA II H and K measurements made at Mount Wilson Observatory, 1966-1983}",
  journal = {\apjs},
 keywords = {Stellar Activity, Stellar Composition, Stellar Spectrophotometry, Calcium, Continuous Spectra, Hydrogen, Potassium, Stellar Spectra},
     year = 1991,
    month = may,
   volume = 76,
    pages = {383-430},
      doi = {10.1086/191572},
   adsurl = {http://adsabs.harvard.edu/abs/1991ApJS...76..383D},
  adsnote = {Provided by the SAO/NASA Astrophysics Data System}
}

@ARTICLE{Isaacson2010,
   author = {{Isaacson}, H. and {Fischer}, D.},
    title = "{Chromospheric Activity and Jitter Measurements for 2630 Stars on the California Planet Search}",
  journal = {\apj},
archivePrefix = "arXiv",
   eprint = {1009.2301},
 primaryClass = "astro-ph.EP",
 keywords = {stars: activity, stars: chromospheres, stars: fundamental parameters},
     year = 2010,
    month = dec,
   volume = 725,
    pages = {875-885},
      doi = {10.1088/0004-637X/725/1/875},
   adsurl = {http://adsabs.harvard.edu/abs/2010ApJ...725..875I},
  adsnote = {Provided by the SAO/NASA Astrophysics Data System}
}

@ARTICLE{Livingston2007,
   author = {{Livingston}, W. and {Wallace}, L. and {White}, O.~R. and {Giampapa}, M.~S.
	},
    title = "{Sun-as-a-Star Spectrum Variations 1974-2006}",
  journal = {\apj},
   eprint = {astro-ph/0612554},
 keywords = {Instrumentation: Spectrographs, Sun: General},
     year = 2007,
    month = mar,
   volume = 657,
    pages = {1137-1149},
      doi = {10.1086/511127},
   adsurl = {http://adsabs.harvard.edu/abs/2007ApJ...657.1137L},
  adsnote = {Provided by the SAO/NASA Astrophysics Data System}
}

@ARTICLE{Baliunas1995,
   author = {{Baliunas}, S.~L. and {Donahue}, R.~A. and {Soon}, W.~H. and 
	{Horne}, J.~H. and {Frazer}, J. and {Woodard-Eklund}, L. and 
	{Bradford}, M. and {Rao}, L.~M. and {Wilson}, O.~C. and {Zhang}, Q. and 
	{Bennett}, W. and {Briggs}, J. and {Carroll}, S.~M. and {Duncan}, D.~K. and 
	{Figueroa}, D. and {Lanning}, H.~H. and {Misch}, T. and {Mueller}, J. and 
	{Noyes}, R.~W. and {Poppe}, D. and {Porter}, A.~C. and {Robinson}, C.~R. and 
	{Russell}, J. and {Shelton}, J.~C. and {Soyumer}, T. and {Vaughan}, A.~H. and 
	{Whitney}, J.~H.},
    title = "{Chromospheric variations in main-sequence stars}",
  journal = {\apj},
 keywords = {Chromosphere, Emission Spectra, Main Sequence Stars, Stellar Activity, Stellar Evolution, Variations, Calcium, Flux Density, H Lines, K Lines, Stellar Magnetic Fields, Stellar Rotation},
     year = 1995,
    month = jan,
   volume = 438,
    pages = {269-287},
      doi = {10.1086/175072},
   adsurl = {http://adsabs.harvard.edu/abs/1995ApJ...438..269B},
  adsnote = {Provided by the SAO/NASA Astrophysics Data System}
}

@ARTICLE{Morris2017,
   author = {{Morris}, B.~M. and {Hebb}, L. and {Davenport}, J.~R.~A. and {Roene}, G. and {Hawley}, S.~L.},
    title = "{The Starspots of HAT-P-11: Evidence for a Solar-like Dynamo}",
  journal = {\apj},
     year = 2017
}

@ARTICLE{Dumusque2014,
   author = {{Dumusque}, X. and {Boisse}, I. and {Santos}, N.~C.},
    title = "{SOAP 2.0: A Tool to Estimate the Photometric and Radial Velocity Variations Induced by Stellar Spots and Plages}",
  journal = {\apj},
archivePrefix = "arXiv",
   eprint = {1409.3594},
 primaryClass = "astro-ph.SR",
 keywords = {planetary systems, stars: activity, stars: individual: alpha Cen B, stars: individual: HD 189733, techniques: radial velocities},
     year = 2014,
    month = dec,
   volume = 796,
      eid = {132},
    pages = {132},
      doi = {10.1088/0004-637X/796/2/132},
   adsurl = {http://adsabs.harvard.edu/abs/2014ApJ...796..132D},
  adsnote = {Provided by the SAO/NASA Astrophysics Data System}
}

@ARTICLE{Husser2013,
   author = {{Husser}, T.-O. and {Wende-von Berg}, S. and {Dreizler}, S. and 
	{Homeier}, D. and {Reiners}, A. and {Barman}, T. and {Hauschildt}, P.~H.
	},
    title = "{A new extensive library of PHOENIX stellar atmospheres and synthetic spectra}",
  journal = {\aap},
archivePrefix = "arXiv",
   eprint = {1303.5632},
 primaryClass = "astro-ph.SR",
 keywords = {stars: atmospheres, convection, stars: late-type},
     year = 2013,
    month = may,
   volume = 553,
      eid = {A6},
    pages = {A6},
      doi = {10.1051/0004-6361/201219058},
   adsurl = {http://adsabs.harvard.edu/abs/2013A%26A...553A...6H},
  adsnote = {Provided by the SAO/NASA Astrophysics Data System}
}

@ARTICLE{Wilson1978,
   author = {{Wilson}, O.~C.},
    title = "{Chromospheric variations in main-sequence stars}",
  journal = {\apj},
 keywords = {Chromosphere, Late Stars, Main Sequence Stars, Periodic Variations, Stellar Atmospheres, Calcium, Emission Spectra, Graphs (Charts), Reference Stars, Tables (Data)},
     year = 1978,
    month = dec,
   volume = 226,
    pages = {379-396},
      doi = {10.1086/156618},
   adsurl = {http://adsabs.harvard.edu/abs/1978ApJ...226..379W},
  adsnote = {Provided by the SAO/NASA Astrophysics Data System}
}

@ARTICLE{Baliunas1995,
   author = {{Baliunas}, S.~L. and {Donahue}, R.~A. and {Soon}, W.~H. and 
	{Horne}, J.~H. and {Frazer}, J. and {Woodard-Eklund}, L. and 
	{Bradford}, M. and {Rao}, L.~M. and {Wilson}, O.~C. and {Zhang}, Q. and 
	{Bennett}, W. and {Briggs}, J. and {Carroll}, S.~M. and {Duncan}, D.~K. and 
	{Figueroa}, D. and {Lanning}, H.~H. and {Misch}, T. and {Mueller}, J. and 
	{Noyes}, R.~W. and {Poppe}, D. and {Porter}, A.~C. and {Robinson}, C.~R. and 
	{Russell}, J. and {Shelton}, J.~C. and {Soyumer}, T. and {Vaughan}, A.~H. and 
	{Whitney}, J.~H.},
    title = "{Chromospheric variations in main-sequence stars}",
  journal = {\apj},
 keywords = {Chromosphere, Emission Spectra, Main Sequence Stars, Stellar Activity, Stellar Evolution, Variations, Calcium, Flux Density, H Lines, K Lines, Stellar Magnetic Fields, Stellar Rotation},
     year = 1995,
    month = jan,
   volume = 438,
    pages = {269-287},
      doi = {10.1086/175072},
   adsurl = {http://adsabs.harvard.edu/abs/1995ApJ...438..269B},
  adsnote = {Provided by the SAO/NASA Astrophysics Data System}
}

@ARTICLE{Hall2008,
   author = {{Hall}, J.~C.},
    title = "{Stellar Chromospheric Activity}",
  journal = {Living Reviews in Solar Physics},
 keywords = {Sun, Stars: chromospheres},
     year = 2008,
    month = mar,
   volume = 5,
      eid = {2},
    pages = {2},
      doi = {10.12942/lrsp-2008-2},
   adsurl = {http://adsabs.harvard.edu/abs/2008LRSP....5....2H},
  adsnote = {Provided by the SAO/NASA Astrophysics Data System}
}

@ARTICLE{Wilson1978,
   author = {{Wilson}, O.~C.},
    title = "{Chromospheric variations in main-sequence stars}",
  journal = {\apj},
 keywords = {Chromosphere, Late Stars, Main Sequence Stars, Periodic Variations, Stellar Atmospheres, Calcium, Emission Spectra, Graphs (Charts), Reference Stars, Tables (Data)},
     year = 1978,
    month = dec,
   volume = 226,
    pages = {379-396},
      doi = {10.1086/156618},
   adsurl = {http://adsabs.harvard.edu/abs/1978ApJ...226..379W},
  adsnote = {Provided by the SAO/NASA Astrophysics Data System}
}

@ARTICLE{Skumanich1972,
   author = {{Skumanich}, A.},
    title = "{Time Scales for CA II Emission Decay, Rotational Braking, and Lithium Depletion}",
  journal = {\apj},
     year = 1972,
    month = feb,
   volume = 171,
    pages = {565},
      doi = {10.1086/151310},
   adsurl = {http://adsabs.harvard.edu/abs/1972ApJ...171..565S},
  adsnote = {Provided by the SAO/NASA Astrophysics Data System}
}

@ARTICLE{Waldmeier1935,
   author = {{Waldmeier}, M.},
    title = "{Neue Eigenschaften der Sonnenfleckenkurve}",
  journal = {Astronomische Mitteilungen der Eidgen{\"o}ssischen Sternwarte Zurich},
     year = 1935,
   volume = 14,
    pages = {105-136},
   adsurl = {http://adsabs.harvard.edu/abs/1935MiZur..14..105W},
  adsnote = {Provided by the SAO/NASA Astrophysics Data System}
}

@ARTICLE{Egeland2017,
   author = {{Egeland}, R. and {Soon}, W. and {Baliunas}, S. and {Hall}, J.~C. and 
	{Pevtsov}, A.~A. and {Bertello}, L.},
    title = "{The Mount Wilson Observatory S-index of the Sun}",
  journal = {\apj},
archivePrefix = "arXiv",
   eprint = {1611.04540},
 primaryClass = "astro-ph.SR",
 keywords = {stars: activity, Sun: activity, Sun: chromosphere},
     year = 2017,
    month = jan,
   volume = 835,
      eid = {25},
    pages = {25},
      doi = {10.3847/1538-4357/835/1/25},
   adsurl = {http://adsabs.harvard.edu/abs/2017ApJ...835...25E},
  adsnote = {Provided by the SAO/NASA Astrophysics Data System}
}

@ARTICLE{Montet2017,
   author = {{Montet}, B.~T. and {Tovar}, G. and {Foreman-Mackey}, D.},
    title = "{Long Term Photometric Variability in Kepler Full Frame Images: Magnetic Cycles of Sun-Like Stars}",
  journal = {ArXiv e-prints},
archivePrefix = "arXiv",
   eprint = {1705.07928},
 primaryClass = "astro-ph.SR",
 keywords = {Astrophysics - Solar and Stellar Astrophysics},
     year = 2017,
    month = may,
   adsurl = {http://adsabs.harvard.edu/abs/2017arXiv170507928M},
  adsnote = {Provided by the SAO/NASA Astrophysics Data System}
}

@ARTICLE{Chen2017,
   author = {{Chen}, J. and {Kipping}, D.},
    title = "{Probabilistic Forecasting of the Masses and Radii of Other Worlds}",
  journal = {\apj},
archivePrefix = "arXiv",
   eprint = {1603.08614},
 primaryClass = "astro-ph.EP",
 keywords = {methods: statistics, planetary systems},
     year = 2017,
    month = jan,
   volume = 834,
      eid = {17},
    pages = {17},
      doi = {10.3847/1538-4357/834/1/17},
   adsurl = {http://adsabs.harvard.edu/abs/2017ApJ...834...17C},
  adsnote = {Provided by the SAO/NASA Astrophysics Data System}
}

@ARTICLE{Mittag2013,
   author = {{Mittag}, M. and {Schmitt}, J.~H.~M.~M. and {Schr{\"o}der}, K.-P.
	},
    title = "{Ca II H+K fluxes from S-indices of large samples: a reliable and consistent conversion based on PHOENIX model atmospheres}",
  journal = {\aap},
 keywords = {stars: atmospheres, stars: activity, stars: chromospheres, stars: late-type, stars: solar-type},
     year = 2013,
    month = jan,
   volume = 549,
      eid = {A117},
    pages = {A117},
      doi = {10.1051/0004-6361/201219868},
   adsurl = {http://adsabs.harvard.edu/abs/2013A%26A...549A.117M},
  adsnote = {Provided by the SAO/NASA Astrophysics Data System}
}

@ARTICLE{Noyes1984,
   author = {{Noyes}, R.~W. and {Hartmann}, L.~W. and {Baliunas}, S.~L. and 
	{Duncan}, D.~K. and {Vaughan}, A.~H.},
    title = "{Rotation, convection, and magnetic activity in lower main-sequence stars}",
  journal = {\apj},
 keywords = {Magnetic Stars, Main Sequence Stars, Stellar Activity, Stellar Magnetic Fields, Stellar Rotation, Chromosphere, Convection, Late Stars, Magnetoactivity},
     year = 1984,
    month = apr,
   volume = 279,
    pages = {763-777},
      doi = {10.1086/161945},
   adsurl = {http://adsabs.harvard.edu/abs/1984ApJ...279..763N},
  adsnote = {Provided by the SAO/NASA Astrophysics Data System}
}

@ARTICLE{Wright2004,
   author = {{Wright}, J.~T. and {Marcy}, G.~W. and {Butler}, R.~P. and {Vogt}, S.~S.
	},
    title = "{Chromospheric Ca II Emission in Nearby F, G, K, and M Stars}",
  journal = {\apjs},
   eprint = {astro-ph/0402582},
 keywords = {Stars: Activity, Stars: Chromospheres, Stars: Rotation},
     year = 2004,
    month = jun,
   volume = 152,
    pages = {261-295},
      doi = {10.1086/386283},
   adsurl = {http://adsabs.harvard.edu/abs/2004ApJS..152..261W},
  adsnote = {Provided by the SAO/NASA Astrophysics Data System}
}

@ARTICLE{Perryman1997,
   author = {{Perryman}, M.~A.~C. and {Lindegren}, L. and {Kovalevsky}, J. and 
	{Hoeg}, E. and {Bastian}, U. and {Bernacca}, P.~L. and {Cr{\'e}z{\'e}}, M. and 
	{Donati}, F. and {Grenon}, M. and {Grewing}, M. and {van Leeuwen}, F. and 
	{van der Marel}, H. and {Mignard}, F. and {Murray}, C.~A. and 
	{Le Poole}, R.~S. and {Schrijver}, H. and {Turon}, C. and {Arenou}, F. and 
	{Froeschl{\'e}}, M. and {Petersen}, C.~S.},
    title = "{The HIPPARCOS Catalogue}",
  journal = {\aap},
     year = 1997,
    month = jul,
   volume = 323,
    pages = {L49-L52},
   adsurl = {http://adsabs.harvard.edu/abs/1997A%26A...323L..49P},
  adsnote = {Provided by the SAO/NASA Astrophysics Data System}
}

@ARTICLE{Mazeh2015,
   author = {{Mazeh}, T. and {Perets}, H.~B. and {McQuillan}, A. and {Goldstein}, E.~S.
	},
    title = "{Photometric Amplitude Distribution of Stellar Rotation of KOIs - Indication for Spin-Orbit Alignment of Cool Stars and High Obliquity for Hot Stars}",
  journal = {\apj},
archivePrefix = "arXiv",
   eprint = {1501.01288},
 primaryClass = "astro-ph.EP",
 keywords = {methods: observational, planets and satellites: dynamical evolution and stability, planet-star interactions, stars: rotation },
     year = 2015,
    month = mar,
   volume = 801,
      eid = {3},
    pages = {3},
      doi = {10.1088/0004-637X/801/1/3},
   adsurl = {http://adsabs.harvard.edu/abs/2015ApJ...801....3M},
  adsnote = {Provided by the SAO/NASA Astrophysics Data System}
}

@ARTICLE{Petigura2017,
   author = {{Petigura}, E.~A. and {Howard}, A.~W. and {Marcy}, G.~W. and 
	{Johnson}, J.~A. and {Isaacson}, H. and {Cargile}, P.~A. and 
	{Hebb}, L. and {Fulton}, B.~J. and {Weiss}, L.~M. and {Morton}, T.~D. and 
	{Winn}, J.~N. and {Rogers}, L.~A. and {Sinukoff}, E. and {Hirsch}, L.~A. and 
	{Crossfield}, I.~J.~M.},
    title = "{The California-Kepler Survey. I. High Resolution Spectroscopy of 1305 Stars Hosting Kepler Transiting Planets}",
  journal = {ArXiv e-prints},
archivePrefix = "arXiv",
   eprint = {1703.10400},
 primaryClass = "astro-ph.EP",
 keywords = {Astrophysics - Earth and Planetary Astrophysics},
     year = 2017,
    month = mar,
   adsurl = {http://adsabs.harvard.edu/abs/2017arXiv170310400P},
  adsnote = {Provided by the SAO/NASA Astrophysics Data System}
}

@ARTICLE{Johnson2017,
   author = {{Johnson}, J.~A. and {Petigura}, E.~A. and {Fulton}, B.~J. and 
	{Marcy}, G.~W. and {Howard}, A.~W. and {Isaacson}, H. and {Hebb}, L. and 
	{Cargile}, P.~A. and {Morton}, T.~D. and {Weiss}, L.~M. and 
	{Winn}, J.~N. and {Rogers}, L.~A. and {Sinukoff}, E. and {Hirsch}, L.~A.
	},
    title = "{The California-Kepler Survey. II. Precise Physical Properties of 2025 Kepler Planets and Their Host Stars}",
  journal = {ArXiv e-prints},
archivePrefix = "arXiv",
   eprint = {1703.10402},
 primaryClass = "astro-ph.EP",
 keywords = {Astrophysics - Earth and Planetary Astrophysics},
     year = 2017,
    month = mar,
   adsurl = {http://adsabs.harvard.edu/abs/2017arXiv170310402J},
  adsnote = {Provided by the SAO/NASA Astrophysics Data System}
}

@ARTICLE{Brown2011,
   author = {{Brown}, T.~M. and {Latham}, D.~W. and {Everett}, M.~E. and 
	{Esquerdo}, G.~A.},
    title = "{Kepler Input Catalog: Photometric Calibration and Stellar Classification}",
  journal = {\aj},
archivePrefix = "arXiv",
   eprint = {1102.0342},
 primaryClass = "astro-ph.SR",
 keywords = {catalogs, methods: data analysis, surveys, techniques: photometric},
     year = 2011,
    month = oct,
   volume = 142,
      eid = {112},
    pages = {112},
      doi = {10.1088/0004-6256/142/4/112},
   adsurl = {http://adsabs.harvard.edu/abs/2011AJ....142..112B},
  adsnote = {Provided by the SAO/NASA Astrophysics Data System}
}

@ARTICLE{Wright2011,
   author = {{Wright}, N.~J. and {Drake}, J.~J. and {Mamajek}, E.~E. and 
	{Henry}, G.~W.},
    title = "{The Stellar-activity-Rotation Relationship and the Evolution of Stellar Dynamos}",
  journal = {\apj},
archivePrefix = "arXiv",
   eprint = {1109.4634},
 primaryClass = "astro-ph.SR",
 keywords = {stars: activity, stars: coronae, stars: evolution, stars: late-type, stars: magnetic field, stars: rotation, X-rays: stars},
     year = 2011,
    month = dec,
   volume = 743,
      eid = {48},
    pages = {48},
      doi = {10.1088/0004-637X/743/1/48},
   adsurl = {http://adsabs.harvard.edu/abs/2011ApJ...743...48W},
  adsnote = {Provided by the SAO/NASA Astrophysics Data System}
}

@ARTICLE{Ogilvie2014,
   author = {{Ogilvie}, G.~I.},
    title = "{Tidal Dissipation in Stars and Giant Planets}",
  journal = {\araa},
archivePrefix = "arXiv",
   eprint = {1406.2207},
 primaryClass = "astro-ph.SR",
     year = 2014,
    month = aug,
   volume = 52,
    pages = {171-210},
      doi = {10.1146/annurev-astro-081913-035941},
   adsurl = {http://adsabs.harvard.edu/abs/2014ARA%26A..52..171O},
  adsnote = {Provided by the SAO/NASA Astrophysics Data System}
}

@ARTICLE{Christensen-Dalsgaard2002,
   author = {{Christensen-Dalsgaard}, J.},
    title = "{Helioseismology}",
  journal = {Reviews of Modern Physics},
   eprint = {astro-ph/0207403},
 keywords = {Helioseismology pulsations and shock waves, Solar interior, Electric and magnetic fields solar magnetism, Particle emission solar wind, Solar neutrinos},
     year = 2002,
    month = nov,
   volume = 74,
    pages = {1073-1129},
      doi = {10.1103/RevModPhys.74.1073},
   adsurl = {http://adsabs.harvard.edu/abs/2002RvMP...74.1073C},
  adsnote = {Provided by the SAO/NASA Astrophysics Data System}
}

@ARTICLE{vanSaders2012,
   author = {{van Saders}, J.~L. and {Pinsonneault}, M.~H.},
    title = "{The Sensitivity of Convection Zone Depth to Stellar Abundances: An Absolute Stellar Abundance Scale from Asteroseismology}",
  journal = {\apj},
archivePrefix = "arXiv",
   eprint = {1108.2273},
 primaryClass = "astro-ph.SR",
 keywords = {stars: abundances, stars: interiors, stars: oscillations},
     year = 2012,
    month = feb,
   volume = 746,
      eid = {16},
    pages = {16},
      doi = {10.1088/0004-637X/746/1/16},
   adsurl = {http://cdsads.u-strasbg.fr/abs/2012ApJ...746...16V},
  adsnote = {Provided by the SAO/NASA Astrophysics Data System}
}

@ARTICLE{Wisdom2004,
   author = {{Wisdom}, J.},
    title = "{Spin-Orbit Secondary Resonance Dynamics of Enceladus}",
  journal = {\aj},
 keywords = {Celestial Mechanics, gravitation, Methods: Analytical, Methods: Numerical, planets and satellites: individual (Enceladus), planets and satellites: individual (Mimas), Planets and Satellites: Individual: Saturn, Planets and Satellites: Formation},
     year = 2004,
    month = jul,
   volume = 128,
    pages = {484-491},
      doi = {10.1086/421360},
   adsurl = {http://adsabs.harvard.edu/abs/2004AJ....128..484W},
  adsnote = {Provided by the SAO/NASA Astrophysics Data System}
}

@ARTICLE{Hathaway2002,
   author = {{Hathaway}, D.~H. and {Wilson}, R.~M. and {Reichmann}, E.~J.
	},
    title = "{Group Sunspot Numbers: Sunspot Cycle Characteristics}",
  journal = {\solphys},
     year = 2002,
    month = dec,
   volume = 211,
    pages = {357-370},
      doi = {10.1023/A:1022425402664},
   adsurl = {http://adsabs.harvard.edu/abs/2002SoPh..211..357H},
  adsnote = {Provided by the SAO/NASA Astrophysics Data System}
}

@ARTICLE{Poppenhaeger2014,
   author = {{Poppenhaeger}, K. and {Wolk}, S.~J.},
    title = "{Indications for an influence of hot Jupiters on the rotation and activity of their host stars}",
  journal = {\aap},
archivePrefix = "arXiv",
   eprint = {1404.1073},
 primaryClass = "astro-ph.SR",
 keywords = {stars: activity, stars: coronae, planet-star interactions, X-rays: stars, binaries: general},
     year = 2014,
    month = may,
   volume = 565,
      eid = {L1},
    pages = {L1},
      doi = {10.1051/0004-6361/201423454},
   adsurl = {http://adsabs.harvard.edu/abs/2014A%26A...565L...1P},
  adsnote = {Provided by the SAO/NASA Astrophysics Data System}
}

@article{wright2015, title={Magnetism and activity of planet hosting stars}, volume={11}, DOI={10.1017/S1743921316002143}, number={S320}, journal={Proceedings of the International Astronomical Union}, publisher={Cambridge University Press}, author={Wright, Jason T. and Miller, Brendan P.}, year={2015}, pages={357?366}}

@ARTICLE{saar2001,
   author = {{Saar}, S.~H. and {Cuntz}, M.},
    title = "{A search for Ca II emission enhancement in stars resulting from nearby giant planets}",
  journal = {\mnras},
 keywords = {STARS: ACTIVITY, STARS: CHROMOSPHERES, STARS: LATE-TYPE, PLANETARY SYSTEMS, STARS: ROTATION},
     year = 2001,
    month = jul,
   volume = 325,
    pages = {55-59},
      doi = {10.1046/j.1365-8711.2001.04296.x},
   adsurl = {http://adsabs.harvard.edu/abs/2001MNRAS.325...55S},
  adsnote = {Provided by the SAO/NASA Astrophysics Data System}
}



@ARTICLE{miller2015,
   author = {{Miller}, B.~P. and {Gallo}, E. and {Wright}, J.~T. and {Pearson}, E.~G.
	},
    title = "{A Comprehensive Statistical Assessment of Star-Planet Interaction}",
  journal = {\apj},
archivePrefix = "arXiv",
   eprint = {1411.3348},
 primaryClass = "astro-ph.HE",
 keywords = {planetary systems, stars: activity, stars: magnetic field},
     year = 2015,
    month = feb,
   volume = 799,
      eid = {163},
    pages = {163},
      doi = {10.1088/0004-637X/799/2/163},
   adsurl = {http://adsabs.harvard.edu/abs/2015ApJ...799..163M},
  adsnote = {Provided by the SAO/NASA Astrophysics Data System}
}



@Misc{scipy,
  author =    {Eric Jones and Travis Oliphant and Pearu Peterson and others},
  title =     {{SciPy}: Open source scientific tools for {Python}},
  year =      {2001},
  url = "http://www.scipy.org/",
}

@ARTICLE{VanDerWalt2011,
   author = {{Van Der Walt}, S. and {Colbert}, S.~C. and {Varoquaux}, G.},
    title = "{The NumPy array: a structure for efficient numerical computation}",
  journal = {ArXiv e-prints},
archivePrefix = "arXiv",
   eprint = {1102.1523},
 primaryClass = "cs.MS",
 keywords = {Computer Science - Mathematical Software},
     year = 2011,
    month = feb,
   adsurl = {http://adsabs.harvard.edu/abs/2011arXiv1102.1523V},
  adsnote = {Provided by the SAO/NASA Astrophysics Data System}
}

@ARTICLE{matplotlib,
   author = {{Hunter}, J.~D.},
    title = "{Matplotlib: A 2D Graphics Environment}",
  journal = {Computing in Science and Engineering},
 keywords = {Python, Scripting languages, Application development, Scientific programming  },
     year = 2007,
    month = may,
   volume = 9,
    pages = {90-95},
      doi = {10.1109/MCSE.2007.55},
   adsurl = {http://adsabs.harvard.edu/abs/2007CSE.....9...90H},
  adsnote = {Provided by the SAO/NASA Astrophysics Data System}
}

@article{ipython,
 author = {Perez, Fernando and Granger, Brian E.},
 title = {IPython: A System for Interactive Scientific Computing},
 journal = {Computing in Science and Engg.},
 issue_date = {May 2007},
 volume = {9},
 number = {3},
 month = may,
 year = {2007},
 issn = {1521-9615},
 pages = {21--29},
 numpages = {9},
 url = {http://dx.doi.org/10.1109/MCSE.2007.53},
 doi = {10.1109/MCSE.2007.53},
 acmid = {1251831},
 publisher = {IEEE Educational Activities Department},
 address = {Piscataway, NJ, USA},
 keywords = {Python, Python, computer languages, scientific programming, scientific computing, computer languages, scientific computing, scientific programming},
} 


@MISC{2013ascl.soft04002G,
   author = {{Greenfield}, P. and {Robitaille}, T. and {Tollerud}, E. and
	{Aldcroft}, T. and {Barbary}, K. and {Barrett}, P. and {Bray}, E. and
	{Crighton}, N. and {Conley}, A. and {Conseil}, S. and {Davis}, M. and
	{Deil}, C. and {Dencheva}, N. and {Droettboom}, M. and {Ferguson}, H. and
	{Ginsburg}, A. and {Grollier}, F. and {Moritz G{\"u}nther}, H. and
	{Hanley}, C. and {Hsu}, J.~C. and {Kerzendorf}, W. and {Kramer}, R. and
	{Lian Lim}, P. and {Muna}, D. and {Nair}, P. and {Price-Whelan}, A. and
	{Shiga}, D. and {Singer}, L. and {Taylor}, J. and {Turner}, J. and
	{Woillez}, J. and {Zabalza}, V.},
    title = "{Astropy: Community Python library for astronomy}",
 keywords = {Software },
howpublished = {Astrophysics Source Code Library},
     year = 2013,
    month = apr,
archivePrefix = "ascl",
   eprint = {1304.002},
   adsurl = {http://adsabs.harvard.edu/abs/2013ascl.soft04002G},
  adsnote = {Provided by the SAO/NASA Astrophysics Data System}
}

Retrieved 1 abstracts, starting with number 1.  Total number selected: 1.

@ARTICLE{bakos2010,
   author = {{Bakos}, G.~{\'A}. and {Torres}, G. and {P{\'a}l}, A. and {Hartman}, J. and 
	{Kov{\'a}cs}, G. and {Noyes}, R.~W. and {Latham}, D.~W. and 
	{Sasselov}, D.~D. and {Sip{\H o}cz}, B. and {Esquerdo}, G.~A. and 
	{Fischer}, D.~A. and {Johnson}, J.~A. and {Marcy}, G.~W. and 
	{Butler}, R.~P. and {Isaacson}, H. and {Howard}, A. and {Vogt}, S. and 
	{Kov{\'a}cs}, G. and {Fernandez}, J. and {Mo{\'o}r}, A. and 
	{Stefanik}, R.~P. and {L{\'a}z{\'a}r}, J. and {Papp}, I. and 
	{S{\'a}ri}, P.},
    title = "{HAT-P-11b: A Super-Neptune Planet Transiting a Bright K Star in the Kepler Field}",
  journal = {\apj},
archivePrefix = "arXiv",
   eprint = {0901.0282},
 primaryClass = "astro-ph.EP",
 keywords = {planetary systems, stars: individual: HAT-P-11 GSC 03561-02092, techniques: photometric, techniques: spectroscopic},
     year = 2010,
    month = feb,
   volume = 710,
    pages = {1724-1745},
      doi = {10.1088/0004-637X/710/2/1724},
   adsurl = {http://adsabs.harvard.edu/abs/2010ApJ...710.1724B},
  adsnote = {Provided by the SAO/NASA Astrophysics Data System}
}

@ARTICLE{Christensen-Dalsgaard2010,
   author = {{Christensen-Dalsgaard}, J. and {Kjeldsen}, H. and {Brown}, T.~M. and 
	{Gilliland}, R.~L. and {Arentoft}, T. and {Frandsen}, S. and 
	{Quirion}, P.-O. and {Borucki}, W.~J. and {Koch}, D. and {Jenkins}, J.~M.
	},
    title = "{Asteroseismic Investigation of Known Planet Hosts in the Kepler Field}",
  journal = {\apjl},
archivePrefix = "arXiv",
   eprint = {1001.0032},
 primaryClass = "astro-ph.SR",
 keywords = {planetary systems, stars: fundamental parameters, stars: oscillations},
     year = 2010,
    month = apr,
   volume = 713,
    pages = {L164-L168},
      doi = {10.1088/2041-8205/713/2/L164},
   adsurl = {http://adsabs.harvard.edu/abs/2010ApJ...713L.164C},
  adsnote = {Provided by the SAO/NASA Astrophysics Data System}
}


@ARTICLE{Winn2010,
   author = {{Winn}, J.~N. and {Johnson}, J.~A. and {Howard}, A.~W. and {Marcy}, G.~W. and 
	{Isaacson}, H. and {Shporer}, A. and {Bakos}, G.~{\'A}. and 
	{Hartman}, J.~D. and {Albrecht}, S.},
    title = "{The Oblique Orbit of the Super-Neptune HAT-P-11b}",
  journal = {\apjl},
archivePrefix = "arXiv",
   eprint = {1009.5671},
 primaryClass = "astro-ph.EP",
 keywords = {planetary systems, planets and satellites: formation, planet-star interactions, stars: rotation},
     year = 2010,
    month = nov,
   volume = 723,
    pages = {L223-L227},
      doi = {10.1088/2041-8205/723/2/L223},
   adsurl = {http://adsabs.harvard.edu/abs/2010ApJ...723L.223W},
  adsnote = {Provided by the SAO/NASA Astrophysics Data System}
}

@ARTICLE{Deming2011,
   author = {{Deming}, D. and {Sada}, P.~V. and {Jackson}, B. and {Peterson}, S.~W. and 
	{Agol}, E. and {Knutson}, H.~A. and {Jennings}, D.~E. and {Haase}, F. and 
	{Bays}, K.},
    title = "{Kepler and Ground-based Transits of the Exo-Neptune HAT-P-11b}",
  journal = {\apj},
archivePrefix = "arXiv",
   eprint = {1107.2977},
 primaryClass = "astro-ph.EP",
 keywords = {planetary systems, planets and satellites: general, stars: activity, starspots},
     year = 2011,
    month = oct,
   volume = 740,
      eid = {33},
    pages = {33},
      doi = {10.1088/0004-637X/740/1/33},
   adsurl = {http://adsabs.harvard.edu/abs/2011ApJ...740...33D},
  adsnote = {Provided by the SAO/NASA Astrophysics Data System}
}

@ARTICLE{Hirano2011,
   author = {{Hirano}, T. and {Narita}, N. and {Shporer}, A. and {Sato}, B. and 
	{Aoki}, W. and {Tamura}, M.},
    title = "{A Possible Tilted Orbit of the Super-Neptune HAT-P-11b}",
  journal = {\pasj},
archivePrefix = "arXiv",
   eprint = {1009.5677},
 primaryClass = "astro-ph.EP",
 keywords = {stars: planetary systems: individual (HAT-P-11), stars: rotation, techniques: photometric, techniques: radial velocities, techniques: spectroscopic},
     year = 2011,
    month = mar,
   volume = 63,
    pages = {531-},
      doi = {10.1093/pasj/63.sp2.S531},
   adsurl = {http://adsabs.harvard.edu/abs/2011PASJ...63S.531H},
  adsnote = {Provided by the SAO/NASA Astrophysics Data System}
}


@ARTICLE{Sanchis-Ojeda2011,
   author = {{Sanchis-Ojeda}, R. and {Winn}, J.~N.},
    title = "{Starspots, Spin-Orbit Misalignment, and Active Latitudes in the HAT-P-11 Exoplanetary System}",
  journal = {\apj},
archivePrefix = "arXiv",
   eprint = {1107.2920},
 primaryClass = "astro-ph.EP",
 keywords = {planetary systems, stars: activity, stars: individual: HAT-P-11, stars: rotation, starspots},
     year = 2011,
    month = dec,
   volume = 743,
      eid = {61},
    pages = {61},
      doi = {10.1088/0004-637X/743/1/61},
   adsurl = {http://adsabs.harvard.edu/abs/2011ApJ...743...61S},
  adsnote = {Provided by the SAO/NASA Astrophysics Data System}
}


@ARTICLE{Southworth2011,
   author = {{Southworth}, J.},
    title = "{Homogeneous studies of transiting extrasolar planets - IV. Thirty systems with space-based light curves}",
  journal = {\mnras},
archivePrefix = "arXiv",
   eprint = {1107.1235},
 primaryClass = "astro-ph.EP",
 keywords = {binaries: eclipsing, binaries: spectroscopic, stars: fundamental parameters, planetary systems},
     year = 2011,
    month = nov,
   volume = 417,
    pages = {2166-2196},
      doi = {10.1111/j.1365-2966.2011.19399.x},
   adsurl = {http://adsabs.harvard.edu/abs/2011MNRAS.417.2166S},
  adsnote = {Provided by the SAO/NASA Astrophysics Data System}
}


@ARTICLE{Beky2014a,
   author = {{B{\'e}ky}, B. and {Holman}, M.~J. and {Kipping}, D.~M. and 
	{Noyes}, R.~W.},
    title = "{Stellar Rotation-Planetary Orbit Period Commensurability in the HAT-P-11 System}",
  journal = {\apj},
archivePrefix = "arXiv",
   eprint = {1403.7526},
 primaryClass = "astro-ph.SR",
 keywords = {stars: activity, stars: individual: HAT-P-11 Kepler-17, stars: rotation},
     year = 2014,
    month = jun,
   volume = 788,
      eid = {1},
    pages = {1},
      doi = {10.1088/0004-637X/788/1/1},
   adsurl = {http://adsabs.harvard.edu/abs/2014ApJ...788....1B},
  adsnote = {Provided by the SAO/NASA Astrophysics Data System}
}


@ARTICLE{Beky2014b,
   author = {{B{\'e}ky}, B. and {Kipping}, D.~M. and {Holman}, M.~J.},
    title = "{SPOTROD: a semi-analytic model for transits of spotted stars}",
  journal = {\mnras},
archivePrefix = "arXiv",
   eprint = {1407.4465},
 primaryClass = "astro-ph.EP",
 keywords = {techniques: photometric, stars: individual: HAT-P-11- starspots},
     year = 2014,
    month = aug,
   volume = 442,
    pages = {3686-3699},
      doi = {10.1093/mnras/stu1061},
   adsurl = {http://adsabs.harvard.edu/abs/2014MNRAS.442.3686B},
  adsnote = {Provided by the SAO/NASA Astrophysics Data System}
}



@ARTICLE{Fraine2014,
   author = {{Fraine}, J. and {Deming}, D. and {Benneke}, B. and {Knutson}, H. and 
	{Jord{\'a}n}, A. and {Espinoza}, N. and {Madhusudhan}, N. and 
	{Wilkins}, A. and {Todorov}, K.},
    title = "{Water vapour absorption in the clear atmosphere of a Neptune-sized exoplanet}",
  journal = {\nat},
archivePrefix = "arXiv",
   eprint = {1409.8349},
 primaryClass = "astro-ph.EP",
     year = 2014,
    month = sep,
   volume = 513,
    pages = {526-529},
      doi = {10.1038/nature13785},
   adsurl = {http://adsabs.harvard.edu/abs/2014Natur.513..526F},
  adsnote = {Provided by the SAO/NASA Astrophysics Data System}
}



@ARTICLE{Maxted2014,
   author = {{Maxted}, P.~F.~L. and {Serenelli}, A.~M. and {Southworth}, J.
	},
    title = "{Comparison of gyrochronological and isochronal age estimates for transiting exoplanet host stars}",
  journal = {\aap},
archivePrefix = "arXiv",
   eprint = {1503.09111},
 primaryClass = "astro-ph.EP",
 keywords = {stars: solar-type, planet-star interactions},
     year = 2015,
    month = may,
   volume = 577,
      eid = {A90},
    pages = {A90},
      doi = {10.1051/0004-6361/201525774},
   adsurl = {http://adsabs.harvard.edu/abs/2015A%26A...577A..90M},
  adsnote = {Provided by the SAO/NASA Astrophysics Data System}
}

@ARTICLE{Goodman2010,
   author = {{Goodman}, J. and {Weare}, J.
	},
    title = "{Ensemble samplers with affine invariance}",
  journal = {Communications in Applied Mathematics and Computational Science},
     year = 2010,
    month = nov,
   volume = 5,
    pages = {65-80},
      doi = {10.2140/camcos.2010.5.65},
}


@misc{gatspy,
  author       = {Jake Vanderplas},
  title        = {{gatspy: General tools for Astronomical Time Series 
                   in Python}},
  month        = feb,
  year         = 2015,
  doi          = {10.5281/zenodo.14833},
  url          = {http://dx.doi.org/10.5281/zenodo.14833}
}

@ARTICLE{Kipping2013,
   author = {{Kipping}, D.~M.},
    title = "{Efficient, uninformative sampling of limb darkening coefficients for two-parameter laws}",
  journal = {\mnras},
archivePrefix = "arXiv",
   eprint = {1308.0009},
 primaryClass = "astro-ph.SR",
 keywords = {methods: analytical, stars: atmospheres},
     year = 2013,
    month = nov,
   volume = 435,
    pages = {2152-2160},
      doi = {10.1093/mnras/stt1435},
   adsurl = {http://adsabs.harvard.edu/abs/2013MNRAS.435.2152K},
  adsnote = {Provided by the SAO/NASA Astrophysics Data System}
}


@ARTICLE{Carter2011,
   author = {{Carter}, J.~A. and {Winn}, J.~N. and {Holman}, M.~J. and {Fabrycky}, D. and 
	{Berta}, Z.~K. and {Burke}, C.~J. and {Nutzman}, P.},
    title = "{The Transit Light Curve Project. XIII. Sixteen Transits of the Super-Earth GJ 1214b}",
  journal = {\apj},
archivePrefix = "arXiv",
   eprint = {1012.0376},
 primaryClass = "astro-ph.EP",
 keywords = {planetary systems, planets and satellites: individual: GJ 1214b GJ 1214, techniques: photometric},
     year = 2011,
    month = apr,
   volume = 730,
      eid = {82},
    pages = {82},
      doi = {10.1088/0004-637X/730/2/82},
   adsurl = {http://adsabs.harvard.edu/abs/2011ApJ...730...82C},
  adsnote = {Provided by the SAO/NASA Astrophysics Data System}
}


@ARTICLE{Czesla2009,
   author = {{Czesla}, S. and {Huber}, K.~F. and {Wolter}, U. and {Schr{\"o}ter}, S. and 
	{Schmitt}, J.~H.~M.~M.},
    title = "{How stellar activity affects the size estimates of extrasolar planets}",
  journal = {\aap},
archivePrefix = "arXiv",
   eprint = {0906.3604},
 primaryClass = "astro-ph.SR",
 keywords = {techniques: photometric, stars: activity, starspots, stars: individual: CoRoT-2a, planetary systems},
     year = 2009,
    month = oct,
   volume = 505,
    pages = {1277-1282},
      doi = {10.1051/0004-6361/200912454},
   adsurl = {http://adsabs.harvard.edu/abs/2009A%26A...505.1277C},
  adsnote = {Provided by the SAO/NASA Astrophysics Data System}
}

@ARTICLE{Kreidberg2015,
   author = {{Kreidberg}, L.},
    title = "{BATMAN: BAsic Transit Model cAlculatioN in Python}",
  journal = {\pasp},
archivePrefix = "arXiv",
   eprint = {1507.08285},
 primaryClass = "astro-ph.EP",
     year = 2015,
    month = dec,
   volume = 127,
    pages = {1161-1165},
      doi = {10.1086/683602},
   adsurl = {http://adsabs.harvard.edu/abs/2015PASP..127.1161K},
  adsnote = {Provided by the SAO/NASA Astrophysics Data System}
}


@ARTICLE{Mandel2002,
   author = {{Mandel}, K. and {Agol}, E.},
    title = "{Analytic Light Curves for Planetary Transit Searches}",
  journal = {\apjl},
   eprint = {astro-ph/0210099},
 keywords = {Stars: Binaries: Eclipsing, Eclipses, Occultations, Stars: Planetary Systems},
     year = 2002,
    month = dec,
   volume = 580,
    pages = {L171-L175},
      doi = {10.1086/345520},
   adsurl = {http://adsabs.harvard.edu/abs/2002ApJ...580L.171M},
  adsnote = {Provided by the SAO/NASA Astrophysics Data System}
}


@ARTICLE{Foreman-Mackey2013,
   author = {{Foreman-Mackey}, D. and {Hogg}, D.~W. and {Lang}, D. and {Goodman}, J.
	},
    title = "{emcee: The MCMC Hammer}",
  journal = {\pasp},
archivePrefix = "arXiv",
   eprint = {1202.3665},
 primaryClass = "astro-ph.IM",
 keywords = {Data Analysis and Techniques},
     year = 2013,
    month = mar,
   volume = 125,
    pages = {306-312},
      doi = {10.1086/670067},
   adsurl = {http://adsabs.harvard.edu/abs/2013PASP..125..306F},
  adsnote = {Provided by the SAO/NASA Astrophysics Data System}
}

@ARTICLE{Aigrain2015,
   author = {{Aigrain}, S. and {Llama}, J. and {Ceillier}, T. and {Chagas}, M.~L.~d. and 
	{Davenport}, J.~R.~A. and {Garc{\'{\i}}a}, R.~A. and {Hay}, K.~L. and 
	{Lanza}, A.~F. and {McQuillan}, A. and {Mazeh}, T. and {de Medeiros}, J.~R. and 
	{Nielsen}, M.~B. and {Reinhold}, T.},
    title = "{Testing the recovery of stellar rotation signals from Kepler light curves using a blind hare-and-hounds exercise}",
  journal = {\mnras},
archivePrefix = "arXiv",
   eprint = {1504.04029},
 primaryClass = "astro-ph.SR",
 keywords = {methods: data analysis, techniques: photometric, surveys, stars: rotation, starspots},
     year = 2015,
    month = jul,
   volume = 450,
    pages = {3211-3226},
      doi = {10.1093/mnras/stv853},
   adsurl = {http://adsabs.harvard.edu/abs/2015MNRAS.450.3211A},
  adsnote = {Provided by the SAO/NASA Astrophysics Data System}
}

@ARTICLE{Davenport2015,
   author = {{Davenport}, J.~R.~A. and {Hebb}, L. and {Hawley}, S.~L.},
    title = "{Detecting Differential Rotation and Starspot Evolution on the M Dwarf GJ 1243 with Kepler}",
  journal = {\apj},
archivePrefix = "arXiv",
   eprint = {1505.01524},
 primaryClass = "astro-ph.SR",
 keywords = {starspots, stars: activity, stars: low-mass},
     year = 2015,
    month = jun,
   volume = 806,
      eid = {212},
    pages = {212},
      doi = {10.1088/0004-637X/806/2/212},
   adsurl = {http://adsabs.harvard.edu/abs/2015ApJ...806..212D},
  adsnote = {Provided by the SAO/NASA Astrophysics Data System}
}


@ARTICLE{Huber2010,
   author = {{Huber}, K.~F. and {Czesla}, S. and {Wolter}, U. and {Schmitt}, J.~H.~M.~M.
	},
    title = "{Planetary eclipse mapping of CoRoT-2a. Evolution, differential rotation, and spot migration}",
  journal = {\aap},
archivePrefix = "arXiv",
   eprint = {1002.4113},
 primaryClass = "astro-ph.SR",
 keywords = {planetary systems, techniques: photometric, stars: activity, starspots, stars: individual: CoRoT-2a},
     year = 2010,
    month = may,
   volume = 514,
      eid = {A39},
    pages = {A39},
      doi = {10.1051/0004-6361/200913914},
   adsurl = {http://adsabs.harvard.edu/abs/2010A%26A...514A..39H},
  adsnote = {Provided by the SAO/NASA Astrophysics Data System}
}


@ARTICLE{Csizmadia2013,
   author = {{Csizmadia}, S. and {Pasternacki}, T. and {Dreyer}, C. and {Cabrera}, J. and 
	{Erikson}, A. and {Rauer}, H.},
    title = "{The effect of stellar limb darkening values on the accuracy of the planet radii derived from photometric transit observations}",
  journal = {\aap},
archivePrefix = "arXiv",
   eprint = {1212.2372},
 primaryClass = "astro-ph.EP",
 keywords = {techniques: photometric, planetary systems},
     year = 2013,
    month = jan,
   volume = 549,
      eid = {A9},
    pages = {A9},
      doi = {10.1051/0004-6361/201219888},
   adsurl = {http://adsabs.harvard.edu/abs/2013A%26A...549A...9C},
  adsnote = {Provided by the SAO/NASA Astrophysics Data System}
}

@ARTICLE{Schuessler1996,
   author = {{Schuessler}, M. and {Caligari}, P. and {Ferriz-Mas}, A. and 
	{Solanki}, S.~K. and {Stix}, M.},
    title = "{Distribution of starspots on cool stars. I. Young and main sequence stars of 1M$_{sun}$\_.}",
  journal = {\aap},
 keywords = {STARS: MAGNETIC FIELDS, STARS: ACTIVITY, MHD},
     year = 1996,
    month = oct,
   volume = 314,
    pages = {503-512},
   adsurl = {http://adsabs.harvard.edu/abs/1996A%26A...314..503S},
  adsnote = {Provided by the SAO/NASA Astrophysics Data System}
}

@ARTICLE{Granzer2000,
   author = {{Granzer}, T. and {Sch{\"u}ssler}, M. and {Caligari}, P. and 
	{Strassmeier}, K.~G.},
    title = "{Distribution of starspots on cool stars. II. Pre-main-sequence and ZAMS stars between 0.4 M$_{sun}$ and 1.7 M$_{sun}$}",
  journal = {\aap},
 keywords = {MAGNETOHYDRODYNAMICS (MHD), STARS: ROTATION, STARS: PRE-MAIN SEQUENCE, STARS: MAGNETIC FIELDS, STARS: ACTIVITY},
     year = 2000,
    month = mar,
   volume = 355,
    pages = {1087-1097},
   adsurl = {http://adsabs.harvard.edu/abs/2000A%26A...355.1087G},
  adsnote = {Provided by the SAO/NASA Astrophysics Data System}
}


@ARTICLE{Eker2003,
   author = {{Eker}, Z. and {Brandt}, P.~N. and {Hanslmeier}, A. and {Otruba}, W. and 
	{Wehrli}, C.},
    title = "{Deriving effective sunspot temperatures from SOHO/VIRGO irradiance measurements.  A starspot modelling approach}",
  journal = {\aap},
 keywords = {Sun: sunspots, Sun: activity, Sun: photosphere, stars: starspots, Sun: UV radiation},
     year = 2003,
    month = jun,
   volume = 404,
    pages = {1107-1115},
      doi = {10.1051/0004-6361:20030573},
   adsurl = {http://adsabs.harvard.edu/abs/2003A%26A...404.1107E},
  adsnote = {Provided by the SAO/NASA Astrophysics Data System}
}


@ARTICLE{Leonard2008,
   author = {{Leonard}, T. and {Choudhary}, D.~P.},
    title = "{Intensity and Magnetic Field Distribution of Sunspots}",
  journal = {\solphys},
 keywords = {Sun: magnetic field, Sun: sunspot, Sun: brightness},
     year = 2008,
    month = oct,
   volume = 252,
    pages = {33-41},
      doi = {10.1007/s11207-008-9256-y},
   adsurl = {http://adsabs.harvard.edu/abs/2008SoPh..252...33L},
  adsnote = {Provided by the SAO/NASA Astrophysics Data System}
}



@ARTICLE{Keppens1996,
   author = {{Keppens}, R. and {Martinez Pillet}, V.},
    title = "{The magnetic structure of pores and sunspots derived from Advanced Stokes Polarimeter data.}",
  journal = {\aap},
 keywords = {POLARIZATION, SUN: MAGNETIC FIELDS, SUN: SUNSPOTS},
     year = 1996,
    month = dec,
   volume = 316,
    pages = {229-242},
   adsurl = {http://adsabs.harvard.edu/abs/1996A%26A...316..229K},
  adsnote = {Provided by the SAO/NASA Astrophysics Data System}
}


@ARTICLE{Roettenbacher2013,
   author = {{Roettenbacher}, R.~M. and {Monnier}, J.~D. and {Harmon}, R.~O. and 
	{Barclay}, T. and {Still}, M.},
    title = "{Imaging Starspot Evolution on Kepler Target KIC 5110407 Using Light-Curve Inversion}",
  journal = {\apj},
archivePrefix = "arXiv",
   eprint = {1302.6268},
 primaryClass = "astro-ph.SR",
 keywords = {stars: activity, stars: imaging, stars: variables: general},
     year = 2013,
    month = apr,
   volume = 767,
      eid = {60},
    pages = {60},
      doi = {10.1088/0004-637X/767/1/60},
   adsurl = {http://adsabs.harvard.edu/abs/2013ApJ...767...60R},
  adsnote = {Provided by the SAO/NASA Astrophysics Data System}
}

@ARTICLE{Frasca2011,
   author = {{Frasca}, A. and {Fr{\"o}hlich}, H.-E. and {Bonanno}, A. and 
	{Catanzaro}, G. and {Biazzo}, K. and {Molenda-{\.Z}akowicz}, J.
	},
    title = "{Magnetic activity and differential rotation in the very young star KIC 8429280}",
  journal = {\aap},
archivePrefix = "arXiv",
   eprint = {1106.4928},
 primaryClass = "astro-ph.SR",
 keywords = {stars: activity, starspots, stars: rotation, stars: chromospheres, stars: individual: KIC 8429280, X-rays: stars},
     year = 2011,
    month = aug,
   volume = 532,
      eid = {A81},
    pages = {A81},
      doi = {10.1051/0004-6361/201116980},
   adsurl = {http://adsabs.harvard.edu/abs/2011A%26A...532A..81F},
  adsnote = {Provided by the SAO/NASA Astrophysics Data System}
}

@ARTICLE{McQuillan2014,
   author = {{McQuillan}, A. and {Mazeh}, T. and {Aigrain}, S.},
    title = "{Rotation Periods of 34,030 Kepler Main-sequence Stars: The Full Autocorrelation Sample}",
  journal = {\apjs},
archivePrefix = "arXiv",
   eprint = {1402.5694},
 primaryClass = "astro-ph.SR",
 keywords = {catalogs, methods: data analysis, methods: observational, stars: activity, stars: low-mass, stars: rotation, techniques: photometric},
     year = 2014,
    month = apr,
   volume = 211,
      eid = {24},
    pages = {24},
      doi = {10.1088/0067-0049/211/2/24},
   adsurl = {http://adsabs.harvard.edu/abs/2014ApJS..211...24M},
  adsnote = {Provided by the SAO/NASA Astrophysics Data System}
}



@ARTICLE{Ohta2005,
   author = {{Ohta}, Y. and {Taruya}, A. and {Suto}, Y.},
    title = "{The Rossiter-McLaughlin Effect and Analytic Radial Velocity Curves for Transiting Extrasolar Planetary Systems}",
  journal = {\apj},
   eprint = {astro-ph/0410499},
 keywords = {Stars: Planetary Systems, Stars: Individual: Henry Draper Number: HD 209458, Techniques: Spectroscopic},
     year = 2005,
    month = apr,
   volume = 622,
    pages = {1118-1135},
      doi = {10.1086/428344},
   adsurl = {http://adsabs.harvard.edu/abs/2005ApJ...622.1118O},
  adsnote = {Provided by the SAO/NASA Astrophysics Data System}
}


@ARTICLE{Winn2005,
   author = {{Winn}, J.~N. and {Noyes}, R.~W. and {Holman}, M.~J. and {Charbonneau}, D. and 
	{Ohta}, Y. and {Taruya}, A. and {Suto}, Y. and {Narita}, N. and 
	{Turner}, E.~L. and {Johnson}, J.~A. and {Marcy}, G.~W. and 
	{Butler}, R.~P. and {Vogt}, S.~S.},
    title = "{Measurement of Spin-Orbit Alignment in an Extrasolar Planetary System}",
  journal = {\apj},
   eprint = {astro-ph/0504555},
 keywords = {Stars: Planetary Systems, Stars: Planetary Systems: Formation, Stars: Individual: Henry Draper Number: HD 209458, Stars: Rotation},
     year = 2005,
    month = oct,
   volume = 631,
    pages = {1215-1226},
      doi = {10.1086/432571},
   adsurl = {http://adsabs.harvard.edu/abs/2005ApJ...631.1215W},
  adsnote = {Provided by the SAO/NASA Astrophysics Data System}
}

@ARTICLE{Fabrycky2009,
   author = {{Fabrycky}, D.~C. and {Winn}, J.~N.},
    title = "{Exoplanetary Spin-Orbit Alignment: Results from the Ensemble of Rossiter-McLaughlin Observations}",
  journal = {\apj},
archivePrefix = "arXiv",
   eprint = {0902.0737},
 primaryClass = "astro-ph.EP",
 keywords = {celestial mechanics, methods: statistical, planetary systems, stars: rotation},
     year = 2009,
    month = may,
   volume = 696,
    pages = {1230-1240},
      doi = {10.1088/0004-637X/696/2/1230},
   adsurl = {http://adsabs.harvard.edu/abs/2009ApJ...696.1230F},
  adsnote = {Provided by the SAO/NASA Astrophysics Data System}
}


@ARTICLE{Howard1984,
   author = {{Howard}, R. and {Gilman}, P.~I. and {Gilman}, P.~A.},
    title = "{Rotation of the sun measured from Mount Wilson white-light images}",
  journal = {\apj},
 keywords = {Astronomical Photography, Solar Rotation, Sunspots, Angular Velocity, Annual Variations, Data Reduction},
     year = 1984,
    month = aug,
   volume = 283,
    pages = {373-384},
      doi = {10.1086/162315},
   adsurl = {http://adsabs.harvard.edu/abs/1984ApJ...283..373H},
  adsnote = {Provided by the SAO/NASA Astrophysics Data System}
}


@ARTICLE{Li2002,
   author = {{Li}, K.-J. and {Liu}, X.-H. and {Yun}, H.-S. and {Xiong}, S.-Y. and 
	{Liang}, H.-F. and {Zhao}, H.-Z. and {Zhan}, L.-S. and {Gu}, X.-M.
	},
    title = "{Asymmetrical Distribution of Sunspot Groups in the Solar Hemispheres}",
  journal = {\pasj},
 keywords = {activity, Sun : general, Sun : sunspots},
     year = 2002,
    month = aug,
   volume = 54,
    pages = {629-633},
      doi = {10.1093/pasj/54.4.629},
   adsurl = {http://adsabs.harvard.edu/abs/2002PASJ...54..629L},
  adsnote = {Provided by the SAO/NASA Astrophysics Data System}
}

@ARTICLE{Carbonell1993,
   author = {{Carbonell}, M. and {Oliver}, R. and {Ballester}, J.~L.},
    title = "{On the asymmetry of solar activity}",
  journal = {\aap},
     year = 1993,
    month = jul,
   volume = 274,
    pages = {497},
   adsurl = {http://adsabs.harvard.edu/abs/1993A%26A...274..497C},
  adsnote = {Provided by the SAO/NASA Astrophysics Data System}
}

@ARTICLE{Newton1955,
   author = {{Newton}, H.~W. and {Milsom}, A.~S.},
    title = "{Note on the observed differences in spottedness of the Sun's northern and southern hemispheres}",
  journal = {\mnras},
     year = 1955,
   volume = 115,
    pages = {398},
      doi = {10.1093/mnras/115.4.398},
   adsurl = {http://adsabs.harvard.edu/abs/1955MNRAS.115..398N},
  adsnote = {Provided by the SAO/NASA Astrophysics Data System}
}


@ARTICLE{Vizoso1990,
   author = {{Vizoso}, G. and {Ballester}, J.~L.},
    title = "{The north-south asymmetry of sunspots}",
  journal = {\aap},
 keywords = {Magnetic Dipoles, Solar Activity Effects, Solar Cycles, Solar Flares, Sunspot Cycle, Asymmetry, Northern Hemisphere, Solar Magnetic Field, Solar Prominences},
     year = 1990,
    month = mar,
   volume = 229,
    pages = {540-546},
   adsurl = {http://adsabs.harvard.edu/abs/1990A%26A...229..540V},
  adsnote = {Provided by the SAO/NASA Astrophysics Data System}
}


@ARTICLE{Hathaway2015,
   author = {{Hathaway}, D.~H.},
    title = "{The Solar Cycle}",
  journal = {Living Reviews in Solar Physics},
archivePrefix = "arXiv",
   eprint = {1502.07020},
 primaryClass = "astro-ph.SR",
 keywords = {Sunspots, Solar cycle, Solar cycle prediction, Solar activity  },
     year = 2015,
    month = sep,
   volume = 12,
      doi = {10.1007/lrsp-2015-4},
   adsurl = {http://adsabs.harvard.edu/abs/2015LRSP...12....4H},
  adsnote = {Provided by the SAO/NASA Astrophysics Data System}
}

@ARTICLE{Hathaway2011,
   author = {{Hathaway}, D.~H.},
    title = "{A Standard Law for the Equatorward Drift of the Sunspot Zones}",
  journal = {\solphys},
archivePrefix = "arXiv",
   eprint = {1108.1722},
 primaryClass = "astro-ph.SR",
 keywords = {Solar cycle, observations, Sunspots, statistics, Sunspots, velocity},
     year = 2011,
    month = oct,
   volume = 273,
    pages = {221-230},
      doi = {10.1007/s11207-011-9837-z},
   adsurl = {http://adsabs.harvard.edu/abs/2011SoPh..273..221H},
  adsnote = {Provided by the SAO/NASA Astrophysics Data System}
}


@ARTICLE{Solanki2003,
   author = {{Solanki}, S.~K.},
    title = "{Sunspots: An overview}",
  journal = {\aapr},
 keywords = {Sunspots, Sun: magnetic field, Sun: active regions, Sun: activity},
     year = 2003,
   volume = 11,
    pages = {153-286},
      doi = {10.1007/s00159-003-0018-4},
   adsurl = {http://adsabs.harvard.edu/abs/2003A%26ARv..11..153S},
  adsnote = {Provided by the SAO/NASA Astrophysics Data System}
}

@ARTICLE{Vaughan1978,
   author = {{Vaughan}, A.~H. and {Preston}, G.~W. and {Wilson}, O.~C.},
    title = "{Flux measurements of CA II H and K emission}",
  journal = {\pasp},
 keywords = {Chromosphere, Emission Spectra, H Lines, K Lines, Stellar Spectrophotometry, Absorption Spectra, Spectrophotometers, Statistical Analysis},
     year = 1978,
    month = jun,
   volume = 90,
    pages = {267-274},
      doi = {10.1086/130324},
   adsurl = {http://adsabs.harvard.edu/abs/1978PASP...90..267V},
  adsnote = {Provided by the SAO/NASA Astrophysics Data System}
}

@ARTICLE{Alvarado-Gomez2015,
   author = {{Alvarado-G{\'o}mez}, J.~D. and {Hussain}, G.~A.~J. and {Grunhut}, J. and 
	{Fares}, R. and {Donati}, J.-F. and {Alecian}, E. and {Kochukhov}, O. and 
	{Oksala}, M. and {Morin}, J. and {Redfield}, S. and {Cohen}, O. and 
	{Drake}, J.~J. and {Jardine}, M. and {Matt}, S. and {Petit}, P. and 
	{Walter}, F.~M.},
    title = "{Activity and magnetic field structure of the Sun-like planet-hosting star HD 1237}",
  journal = {\aap},
archivePrefix = "arXiv",
   eprint = {1507.04117},
 primaryClass = "astro-ph.SR",
 keywords = {stars: activity, stars: magnetic field, stars: solar-type, stars: individual: HD 1237},
     year = 2015,
    month = oct,
   volume = 582,
      eid = {A38},
    pages = {A38},
      doi = {10.1051/0004-6361/201525771},
   adsurl = {http://adsabs.harvard.edu/abs/2015A%26A...582A..38A},
  adsnote = {Provided by the SAO/NASA Astrophysics Data System}
}

@ARTICLE{Duncan1991,
   author = {{Duncan}, D.~K. and {Vaughan}, A.~H. and {Wilson}, O.~C. and 
	{Preston}, G.~W. and {Frazer}, J. and {Lanning}, H. and {Misch}, A. and 
	{Mueller}, J. and {Soyumer}, D. and {Woodard}, L. and {Baliunas}, S.~L. and 
	{Noyes}, R.~W. and {Hartmann}, L.~W. and {Porter}, A. and {Zwaan}, C. and 
	{Middelkoop}, F. and {Rutten}, R.~G.~M. and {Mihalas}, D.},
    title = "{CA II H and K measurements made at Mount Wilson Observatory, 1966-1983}",
  journal = {\apjs},
 keywords = {Stellar Activity, Stellar Composition, Stellar Spectrophotometry, Calcium, Continuous Spectra, Hydrogen, Potassium, Stellar Spectra},
     year = 1991,
    month = may,
   volume = 76,
    pages = {383-430},
      doi = {10.1086/191572},
   adsurl = {http://adsabs.harvard.edu/abs/1991ApJS...76..383D},
  adsnote = {Provided by the SAO/NASA Astrophysics Data System}
}

@ARTICLE{Isaacson2010,
   author = {{Isaacson}, H. and {Fischer}, D.},
    title = "{Chromospheric Activity and Jitter Measurements for 2630 Stars on the California Planet Search}",
  journal = {\apj},
archivePrefix = "arXiv",
   eprint = {1009.2301},
 primaryClass = "astro-ph.EP",
 keywords = {stars: activity, stars: chromospheres, stars: fundamental parameters},
     year = 2010,
    month = dec,
   volume = 725,
    pages = {875-885},
      doi = {10.1088/0004-637X/725/1/875},
   adsurl = {http://adsabs.harvard.edu/abs/2010ApJ...725..875I},
  adsnote = {Provided by the SAO/NASA Astrophysics Data System}
}

@ARTICLE{Livingston2007,
   author = {{Livingston}, W. and {Wallace}, L. and {White}, O.~R. and {Giampapa}, M.~S.
	},
    title = "{Sun-as-a-Star Spectrum Variations 1974-2006}",
  journal = {\apj},
   eprint = {astro-ph/0612554},
 keywords = {Instrumentation: Spectrographs, Sun: General},
     year = 2007,
    month = mar,
   volume = 657,
    pages = {1137-1149},
      doi = {10.1086/511127},
   adsurl = {http://adsabs.harvard.edu/abs/2007ApJ...657.1137L},
  adsnote = {Provided by the SAO/NASA Astrophysics Data System}
}

@ARTICLE{Rackham2018,
   author = {{Rackham}, B.~V. and {Apai}, D. and {Giampapa}, M.~S.},
    title = "{The Transit Light Source Effect: False Spectral Features and Incorrect Densities for M-dwarf Transiting Planets}",
  journal = {\apj},
archivePrefix = "arXiv",
   eprint = {1711.05691},
 primaryClass = "astro-ph.EP",
 keywords = {methods: numerical, planets and satellites: atmospheres, planets and satellites: fundamental parameters, stars: activity, starspots, techniques: spectroscopic },
     year = 2018,
    month = feb,
   volume = 853,
      eid = {122},
    pages = {122},
      doi = {10.3847/1538-4357/aaa08c},
   adsurl = {http://adsabs.harvard.edu/abs/2018ApJ...853..122R},
  adsnote = {Provided by the SAO/NASA Astrophysics Data System}
}

@ARTICLE{Sing2011,
   author = {{Sing}, D.~K. and {Pont}, F. and {Aigrain}, S. and {Charbonneau}, D. and 
	{D{\'e}sert}, J.-M. and {Gibson}, N. and {Gilliland}, R. and 
	{Hayek}, W. and {Henry}, G. and {Knutson}, H. and {Lecavelier Des Etangs}, A. and 
	{Mazeh}, T. and {Shporer}, A.},
    title = "{Hubble Space Telescope transmission spectroscopy of the exoplanet HD 189733b: high-altitude atmospheric haze in the optical and near-ultraviolet with STIS}",
  journal = {\mnras},
archivePrefix = "arXiv",
   eprint = {1103.0026},
 primaryClass = "astro-ph.EP",
 keywords = {techniques: spectroscopic, stars: individual: HD 189733, planetary systems},
     year = 2011,
    month = sep,
   volume = 416,
    pages = {1443-1455},
      doi = {10.1111/j.1365-2966.2011.19142.x},
   adsurl = {http://adsabs.harvard.edu/abs/2011MNRAS.416.1443S},
  adsnote = {Provided by the SAO/NASA Astrophysics Data System}
}

@ARTICLE{Pont2013,
   author = {{Pont}, F. and {Sing}, D.~K. and {Gibson}, N.~P. and {Aigrain}, S. and 
	{Henry}, G. and {Husnoo}, N.},
    title = "{The prevalence of dust on the exoplanet HD 189733b from Hubble and Spitzer observations}",
  journal = {\mnras},
archivePrefix = "arXiv",
   eprint = {1210.4163},
 primaryClass = "astro-ph.EP",
 keywords = {techniques: spectroscopic, planets and satellites: atmospheres, stars: individual: HD 189733, planetary systems},
     year = 2013,
    month = jul,
   volume = 432,
    pages = {2917-2944},
      doi = {10.1093/mnras/stt651},
   adsurl = {http://adsabs.harvard.edu/abs/2013MNRAS.432.2917P},
  adsnote = {Provided by the SAO/NASA Astrophysics Data System}
}

@ARTICLE{Belu2011,
   author = {{Belu}, A.~R. and {Selsis}, F. and {Morales}, J.-C. and {Ribas}, I. and 
	{Cossou}, C. and {Rauer}, H.},
    title = "{Primary and secondary eclipse spectroscopy with JWST: exploring the exoplanet parameter space}",
  journal = {\aap},
archivePrefix = "arXiv",
   eprint = {1008.0028},
 primaryClass = "astro-ph.EP",
 keywords = {molecular processes, techniques: spectroscopic, methods: analytical, planets and satellites: atmospheres, infrared: planetary systems, solar neighborhood},
     year = 2011,
    month = jan,
   volume = 525,
      eid = {A83},
    pages = {A83},
      doi = {10.1051/0004-6361/201014995},
   adsurl = {http://adsabs.harvard.edu/abs/2011A%26A...525A..83B},
  adsnote = {Provided by the SAO/NASA Astrophysics Data System}
}

@ARTICLE{Baliunas1995,
   author = {{Baliunas}, S.~L. and {Donahue}, R.~A. and {Soon}, W.~H. and 
	{Horne}, J.~H. and {Frazer}, J. and {Woodard-Eklund}, L. and 
	{Bradford}, M. and {Rao}, L.~M. and {Wilson}, O.~C. and {Zhang}, Q. and 
	{Bennett}, W. and {Briggs}, J. and {Carroll}, S.~M. and {Duncan}, D.~K. and 
	{Figueroa}, D. and {Lanning}, H.~H. and {Misch}, T. and {Mueller}, J. and 
	{Noyes}, R.~W. and {Poppe}, D. and {Porter}, A.~C. and {Robinson}, C.~R. and 
	{Russell}, J. and {Shelton}, J.~C. and {Soyumer}, T. and {Vaughan}, A.~H. and 
	{Whitney}, J.~H.},
    title = "{Chromospheric variations in main-sequence stars}",
  journal = {\apj},
 keywords = {Chromosphere, Emission Spectra, Main Sequence Stars, Stellar Activity, Stellar Evolution, Variations, Calcium, Flux Density, H Lines, K Lines, Stellar Magnetic Fields, Stellar Rotation},
     year = 1995,
    month = jan,
   volume = 438,
    pages = {269-287},
      doi = {10.1086/175072},
   adsurl = {http://adsabs.harvard.edu/abs/1995ApJ...438..269B},
  adsnote = {Provided by the SAO/NASA Astrophysics Data System}
}

@ARTICLE{Dumusque2014,
   author = {{Dumusque}, X. and {Boisse}, I. and {Santos}, N.~C.},
    title = "{SOAP 2.0: A Tool to Estimate the Photometric and Radial Velocity Variations Induced by Stellar Spots and Plages}",
  journal = {\apj},
archivePrefix = "arXiv",
   eprint = {1409.3594},
 primaryClass = "astro-ph.SR",
 keywords = {planetary systems, stars: activity, stars: individual: alpha Cen B, stars: individual: HD 189733, techniques: radial velocities},
     year = 2014,
    month = dec,
   volume = 796,
      eid = {132},
    pages = {132},
      doi = {10.1088/0004-637X/796/2/132},
   adsurl = {http://adsabs.harvard.edu/abs/2014ApJ...796..132D},
  adsnote = {Provided by the SAO/NASA Astrophysics Data System}
}

@ARTICLE{Husser2013,
   author = {{Husser}, T.-O. and {Wende-von Berg}, S. and {Dreizler}, S. and 
	{Homeier}, D. and {Reiners}, A. and {Barman}, T. and {Hauschildt}, P.~H.
	},
    title = "{A new extensive library of PHOENIX stellar atmospheres and synthetic spectra}",
  journal = {\aap},
archivePrefix = "arXiv",
   eprint = {1303.5632},
 primaryClass = "astro-ph.SR",
 keywords = {stars: atmospheres, convection, stars: late-type},
     year = 2013,
    month = may,
   volume = 553,
      eid = {A6},
    pages = {A6},
      doi = {10.1051/0004-6361/201219058},
   adsurl = {http://adsabs.harvard.edu/abs/2013A%26A...553A...6H},
  adsnote = {Provided by the SAO/NASA Astrophysics Data System}
}

@ARTICLE{harder2010,
   author = {{Harder}, J.~W. and {Thuillier}, G. and {Richard}, E.~C. and 
	{Brown}, S.~W. and {Lykke}, K.~R. and {Snow}, M. and {McClintock}, W.~E. and 
	{Fontenla}, J.~M. and {Woods}, T.~N. and {Pilewskie}, P.},
    title = "{The SORCE SIM Solar Spectrum: Comparison with Recent Observations}",
  journal = {\solphys},
     year = 2010,
    month = may,
   volume = 263,
    pages = {3-24},
      doi = {10.1007/s11207-010-9555-y},
   adsurl = {http://adsabs.harvard.edu/abs/2010SoPh..263....3H},
  adsnote = {Provided by the SAO/NASA Astrophysics Data System}
}

@ARTICLE{Maltby1986,
   author = {{Maltby}, P. and {Avrett}, E.~H. and {Carlsson}, M. and {Kjeldseth-Moe}, O. and 
	{Kurucz}, R.~L. and {Loeser}, R.},
    title = "{A new sunspot umbral model and its variation with the solar cycle}",
  journal = {\apj},
 keywords = {Atmospheric Models, Periodic Variations, Solar Atmosphere, Solar Cycles, Sunspots, Umbras, Solar Activity, Solar Limb, Spectral Energy Distribution, Stellar Models},
     year = 1986,
    month = jul,
   volume = 306,
    pages = {284-303},
      doi = {10.1086/164342},
   adsurl = {http://adsabs.harvard.edu/abs/1986ApJ...306..284M},
  adsnote = {Provided by the SAO/NASA Astrophysics Data System}
}



@ARTICLE{oneal1996,
   author = {{O'Neal}, D. and {Saar}, S.~H. and {Neff}, J.~E.},
    title = "{Measurements of Starspot Area and Temperature on Five Active, Evolved Stars}",
  journal = {\apj},
 keywords = {STARS: ACTIVITY, STARS: ATMOSPHERES, TECHNIQUES: SPECTROSCOPIC, STARS: LATE-TYPE, STARS: MAGNETIC FIELDS},
     year = 1996,
    month = jun,
   volume = 463,
    pages = {766},
      doi = {10.1086/177288},
   adsurl = {http://adsabs.harvard.edu/abs/1996ApJ...463..766O},
  adsnote = {Provided by the SAO/NASA Astrophysics Data System}
}

@ARTICLE{Neff1995,
   author = {{Neff}, J.~E. and {O'Neal}, D. and {Saar}, S.~H.},
    title = "{Absolute Measurements of Starspot Area and Temperature: II Pegasi in 1989 October}",
  journal = {\apj},
 keywords = {STARS: ACTIVITY, STARS: INDIVIDUAL CONSTELLATION NAME: II PEGASI, STARS: LATE-TYPE, TECHNIQUES: SPECTROSCOPIC},
     year = 1995,
    month = oct,
   volume = 452,
    pages = {879},
      doi = {10.1086/176356},
   adsurl = {http://adsabs.harvard.edu/abs/1995ApJ...452..879N},
  adsnote = {Provided by the SAO/NASA Astrophysics Data System}
}

@ARTICLE{oneal1998,
   author = {{O'Neal}, D. and {Neff}, J.~E. and {Saar}, S.~H.},
    title = "{Measurements of Starspot Parameters on Active Stars using Molecular Bands in Echelle Spectra}",
  journal = {\apj},
 keywords = {STARS: BINARIES: SPECTROSCOPIC, STARS: ACTIVITY, STARS: FUNDAMENTAL PARAMETERS, STARS: LATE-TYPE, STARS: SPOTS, Stars: Binaries: Spectroscopic, Stars: Activity, Stars: Fundamental Parameters, Stars: Late-Type, Stars: Spots},
     year = 1998,
    month = nov,
   volume = 507,
    pages = {919-937},
      doi = {10.1086/306340},
   adsurl = {http://adsabs.harvard.edu/abs/1998ApJ...507..919O},
  adsnote = {Provided by the SAO/NASA Astrophysics Data System}
}


@ARTICLE{Notsu2015b,
   author = {{Notsu}, Y. and {Honda}, S. and {Maehara}, H. and {Notsu}, S. and 
	{Shibayama}, T. and {Nogami}, D. and {Shibata}, K.},
    title = "{High dispersion spectroscopy of solar-type superflare stars. II. Stellar rotation, starspots, and chromospheric activities}",
  journal = {\pasj},
archivePrefix = "arXiv",
   eprint = {1412.8245},
 primaryClass = "astro-ph.SR",
 keywords = {stars: activity, stars: flare, stars: rotation, stars: solar-type, starspots},
     year = 2015,
    month = jun,
   volume = 67,
      eid = {33},
    pages = {33},
      doi = {10.1093/pasj/psv002},
   adsurl = {http://adsabs.harvard.edu/abs/2015PASJ...67...33N},
  adsnote = {Provided by the SAO/NASA Astrophysics Data System}
}

@ARTICLE{Notsu2015a,
   author = {{Notsu}, Y. and {Honda}, S. and {Maehara}, H. and {Notsu}, S. and 
	{Shibayama}, T. and {Nogami}, D. and {Shibata}, K.},
    title = "{High dispersion spectroscopy of solar-type superflare stars. I. Temperature, surface gravity, metallicity, and vsin i}",
  journal = {\pasj},
archivePrefix = "arXiv",
   eprint = {1412.8243},
 primaryClass = "astro-ph.SR",
 keywords = {stars: abundances, stars: activity, stars: flare, stars: rotation, stars: solar-type},
     year = 2015,
    month = jun,
   volume = 67,
      eid = {32},
    pages = {32},
      doi = {10.1093/pasj/psv001},
   adsurl = {http://adsabs.harvard.edu/abs/2015PASJ...67...32N},
  adsnote = {Provided by the SAO/NASA Astrophysics Data System}
}


@ARTICLE{Carrington1859,
   author = {{Carrington}, R.~C.},
    title = "{Description of a Singular Appearance seen in the Sun on September 1, 1859}",
  journal = {\mnras},
     year = 1859,
    month = nov,
   volume = 20,
    pages = {13-15},
      doi = {10.1093/mnras/20.1.13},
   adsurl = {http://adsabs.harvard.edu/abs/1859MNRAS..20...13C},
  adsnote = {Provided by the SAO/NASA Astrophysics Data System}
}

@ARTICLE{Neuhauser2014,
   author = {{Neuh{\"a}user}, R. and {Hambaryan}, V.~V.},
    title = "{A solar super-flare as cause for the $^{14}$C variation in AD 774/5 ?}",
  journal = {Astronomische Nachrichten},
archivePrefix = "arXiv",
   eprint = {1408.2934},
 primaryClass = "astro-ph.SR",
 keywords = {solar activity, AD 774/5, Carrington event},
     year = 2014,
    month = nov,
   volume = 335,
    pages = {949},
      doi = {10.1002/asna.201412071},
   adsurl = {http://adsabs.harvard.edu/abs/2014AN....335..949N},
  adsnote = {Provided by the SAO/NASA Astrophysics Data System}
}


@ARTICLE{Oshagh2014,
   author = {{Oshagh}, M. and {Santos}, N.~C. and {Ehrenreich}, D. and {Haghighipour}, N. and 
	{Figueira}, P. and {Santerne}, A. and {Montalto}, M.},
    title = "{Impact of occultations of stellar active regions on transmission spectra. Can occultation of a plage mimic the signature of a blue sky?}",
  journal = {\aap},
archivePrefix = "arXiv",
   eprint = {1407.2066},
 primaryClass = "astro-ph.EP",
 keywords = {planets and satellites: atmospheres, techniques: photometric, methods: data analysis, methods: numerical, stars: activity},
     year = 2014,
    month = aug,
   volume = 568,
      eid = {A99},
    pages = {A99},
      doi = {10.1051/0004-6361/201424059},
   adsurl = {http://adsabs.harvard.edu/abs/2014A%26A...568A..99O},
  adsnote = {Provided by the SAO/NASA Astrophysics Data System}
}

@ARTICLE{McCullough2014,
   author = {{McCullough}, P.~R. and {Crouzet}, N. and {Deming}, D. and {Madhusudhan}, N.
	},
    title = "{Water Vapor in the Spectrum of the Extrasolar Planet HD 189733b. I. The Transit}",
  journal = {\apj},
archivePrefix = "arXiv",
   eprint = {1407.2462},
 primaryClass = "astro-ph.SR",
 keywords = {planetary systems, planets and satellites: atmospheres, stars: individual: HD 189733, techniques: spectroscopic},
     year = 2014,
    month = aug,
   volume = 791,
      eid = {55},
    pages = {55},
      doi = {10.1088/0004-637X/791/1/55},
   adsurl = {http://adsabs.harvard.edu/abs/2014ApJ...791...55M},
  adsnote = {Provided by the SAO/NASA Astrophysics Data System}
}

@ARTICLE{ONeal2004,
   author = {{O'Neal}, D. and {Neff}, J.~E. and {Saar}, S.~H. and {Cuntz}, M.
	},
    title = "{Further Results of TiO-Band Observations of Starspots}",
  journal = {\aj},
 keywords = {Stars: Activity, Stars: Atmospheres, Stars: Spots, Techniques: Spectroscopic},
     year = 2004,
    month = oct,
   volume = 128,
    pages = {1802-1811},
      doi = {10.1086/423438},
   adsurl = {http://adsabs.harvard.edu/abs/2004AJ....128.1802O},
  adsnote = {Provided by the SAO/NASA Astrophysics Data System}
}


@ARTICLE{Crossfield2013,
   author = {{Crossfield}, I.~J.~M. and {Barman}, T. and {Hansen}, B.~M.~S. and 
	{Howard}, A.~W.},
    title = "{Warm ice giant GJ 3470b. I. A flat transmission spectrum indicates a hazy, low-methane, and/or metal-rich atmosphere}",
  journal = {\aap},
archivePrefix = "arXiv",
   eprint = {1308.6580},
 primaryClass = "astro-ph.EP",
 keywords = {techniques: spectroscopic, techniques: photometric, planets and satellites: atmospheres, stars: individual: GJ 3470, eclipses},
     year = 2013,
    month = nov,
   volume = 559,
      eid = {A33},
    pages = {A33},
      doi = {10.1051/0004-6361/201322278},
   adsurl = {http://adsabs.harvard.edu/abs/2013A%26A...559A..33C},
  adsnote = {Provided by the SAO/NASA Astrophysics Data System}
}

@ARTICLE{Holman2005,
   author = {{Holman}, M.~J. and {Murray}, N.~W.},
    title = "{The Use of Transit Timing to Detect Terrestrial-Mass Extrasolar Planets}",
  journal = {Science},
   eprint = {astro-ph/0412028},
     year = 2005,
    month = feb,
   volume = 307,
    pages = {1288-1291},
      doi = {10.1126/science.1107822},
   adsurl = {http://adsabs.harvard.edu/abs/2005Sci...307.1288H},
  adsnote = {Provided by the SAO/NASA Astrophysics Data System}
}

@ARTICLE{Agol2005,
   author = {{Agol}, E. and {Steffen}, J. and {Sari}, R. and {Clarkson}, W.
	},
    title = "{On detecting terrestrial planets with timing of giant planet transits}",
  journal = {\mnras},
   eprint = {astro-ph/0412032},
 keywords = {eclipses, planetary systems, extrasolar planets, transiting planets, planetary dynamics},
     year = 2005,
    month = may,
   volume = 359,
    pages = {567-579},
      doi = {10.1111/j.1365-2966.2005.08922.x},
   adsurl = {http://adsabs.harvard.edu/abs/2005MNRAS.359..567A},
  adsnote = {Provided by the SAO/NASA Astrophysics Data System}
}

@ARTICLE{DesMarais2008,
   author = {{Des Marais}, D.~J. and {Nuth}, III., J.~A. and {Allamandola}, L.~J. and 
	{Boss}, A.~P. and {Farmer}, J.~D. and {Hoehler}, T.~M. and {Jakosky}, B.~M. and 
	{Meadows}, V.~S. and {Pohorille}, A. and {Runnegar}, B. and 
	{Spormann}, A.~M.},
    title = "{The NASA Astrobiology Roadmap}",
  journal = {Astrobiology},
     year = 2008,
    month = aug,
   volume = 8,
    pages = {715-730},
      doi = {10.1089/ast.2008.0819},
   adsurl = {http://adsabs.harvard.edu/abs/2008AsBio...8..715D},
  adsnote = {Provided by the SAO/NASA Astrophysics Data System}
}


@article{Burke2015,
  author={Christopher J. Burke and Jessie L. Christiansen and F. Mullally and Shawn Seader and Daniel Huber and Jason F.
Rowe and Jeffrey L. Coughlin and Susan E. Thompson and Joseph Catanzarite and Bruce D. Clarke and Timothy D.
Morton and Douglas A. Caldwell and Stephen T. Bryson and Michael R. Haas and Natalie M. Batalha and Jon M. Jenkins and Peter
Tenenbaum and Joseph D. Twicken and Jie Li and Elisa Quintana and Thomas Barclay and Christopher E. Henze and William J.
Borucki and Steve B. Howell and Martin Still},
  title={Terrestrial Planet Occurrence Rates for the Kepler GK Dwarf Sample},
  journal={The Astrophysical Journal},
  volume={809},
  number={1},
  pages={8},
  url={http://stacks.iop.org/0004-637X/809/i=1/a=8},
  year={2015}
}

@ARTICLE{Dressing2013,
   author = {{Dressing}, C.~D. and {Charbonneau}, D.},
    title = "{The Occurrence Rate of Small Planets around Small Stars}",
  journal = {\apj},
archivePrefix = "arXiv",
   eprint = {1302.1647},
 primaryClass = "astro-ph.EP",
 keywords = {catalogs, methods: data analysis, planetary systems, stars: low-mass, surveys, techniques: photometric },
     year = 2013,
    month = apr,
   volume = 767,
      eid = {95},
    pages = {95},
      doi = {10.1088/0004-637X/767/1/95},
   adsurl = {http://adsabs.harvard.edu/abs/2013ApJ...767...95D},
  adsnote = {Provided by the SAO/NASA Astrophysics Data System}
}

@INPROCEEDINGS{Ricker2014,
   author = {{Ricker}, G.~R. and {Winn}, J.~N. and {Vanderspek}, R. and {Latham}, D.~W. and 
	{Bakos}, G.~{\'A}. and {Bean}, J.~L. and {Berta-Thompson}, Z.~K. and 
	{Brown}, T.~M. and {Buchhave}, L. and {Butler}, N.~R. and {Butler}, R.~P. and 
	{Chaplin}, W.~J. and {Charbonneau}, D. and {Christensen-Dalsgaard}, J. and 
	{Clampin}, M. and {Deming}, D. and {Doty}, J. and {De Lee}, N. and 
	{Dressing}, C. and {Dunham}, E.~W. and {Endl}, M. and {Fressin}, F. and 
	{Ge}, J. and {Henning}, T. and {Holman}, M.~J. and {Howard}, A.~W. and 
	{Ida}, S. and {Jenkins}, J. and {Jernigan}, G. and {Johnson}, J.~A. and 
	{Kaltenegger}, L. and {Kawai}, N. and {Kjeldsen}, H. and {Laughlin}, G. and 
	{Levine}, A.~M. and {Lin}, D. and {Lissauer}, J.~J. and {MacQueen}, P. and 
	{Marcy}, G. and {McCullough}, P.~R. and {Morton}, T.~D. and 
	{Narita}, N. and {Paegert}, M. and {Palle}, E. and {Pepe}, F. and 
	{Pepper}, J. and {Quirrenbach}, A. and {Rinehart}, S.~A. and 
	{Sasselov}, D. and {Sato}, B. and {Seager}, S. and {Sozzetti}, A. and 
	{Stassun}, K.~G. and {Sullivan}, P. and {Szentgyorgyi}, A. and 
	{Torres}, G. and {Udry}, S. and {Villasenor}, J.},
    title = "{Transiting Exoplanet Survey Satellite (TESS)}",
booktitle = {Space Telescopes and Instrumentation 2014: Optical, Infrared, and Millimeter Wave},
     year = 2014,
   series = {\procspie},
   volume = 9143,
archivePrefix = "arXiv",
   eprint = {1406.0151},
 primaryClass = "astro-ph.EP",
    month = aug,
      eid = {914320},
    pages = {914320},
      doi = {10.1117/12.2063489},
   adsurl = {http://adsabs.harvard.edu/abs/2014SPIE.9143E..20R},
  adsnote = {Provided by the SAO/NASA Astrophysics Data System}
}

@ARTICLE{Barstow2016,
   author = {{Barstow}, J.~K. and {Irwin}, P.~G.~J.},
    title = "{Habitable worlds with JWST: transit spectroscopy of the TRAPPIST-1 system?}",
  journal = {\mnras},
archivePrefix = "arXiv",
   eprint = {1605.07352},
 primaryClass = "astro-ph.EP",
 keywords = {radiative transfer, methods: data analysis, planets and satellites: atmospheres},
     year = 2016,
    month = sep,
   volume = 461,
    pages = {L92-L96},
      doi = {10.1093/mnrasl/slw109},
   adsurl = {http://adsabs.harvard.edu/abs/2016MNRAS.461L..92B},
  adsnote = {Provided by the SAO/NASA Astrophysics Data System}
}


@ARTICLE{Kreidberg2014,
   author = {{Kreidberg}, L. and {Bean}, J.~L. and {D{\'e}sert}, J.-M. and 
	{Benneke}, B. and {Deming}, D. and {Stevenson}, K.~B. and {Seager}, S. and 
	{Berta-Thompson}, Z. and {Seifahrt}, A. and {Homeier}, D.},
    title = "{Clouds in the atmosphere of the super-Earth exoplanet GJ1214b}",
  journal = {\nat},
archivePrefix = "arXiv",
   eprint = {1401.0022},
 primaryClass = "astro-ph.EP",
     year = 2014,
    month = jan,
   volume = 505,
    pages = {69-72},
      doi = {10.1038/nature12888},
   adsurl = {http://adsabs.harvard.edu/abs/2014Natur.505...69K},
  adsnote = {Provided by the SAO/NASA Astrophysics Data System}
}


@ARTICLE{Cowan2015,
   author = {{Cowan}, N.~B. and {Greene}, T. and {Angerhausen}, D. and {Batalha}, N.~E. and 
	{Clampin}, M. and {Col{\'o}n}, K. and {Crossfield}, I.~J.~M. and 
	{Fortney}, J.~J. and {Gaudi}, B.~S. and {Harrington}, J. and 
	{Iro}, N. and {Lillie}, C.~F. and {Linsky}, J.~L. and {Lopez-Morales}, M. and 
	{Mandell}, A.~M. and {Stevenson}, K.~B.},
    title = "{Characterizing Transiting Planet Atmospheres through 2025}",
  journal = {\pasp},
archivePrefix = "arXiv",
   eprint = {1502.00004},
 primaryClass = "astro-ph.EP",
     year = 2015,
    month = mar,
   volume = 127,
    pages = {311-327},
      doi = {10.1086/680855},
   adsurl = {http://adsabs.harvard.edu/abs/2015PASP..127..311C},
  adsnote = {Provided by the SAO/NASA Astrophysics Data System}
}

@ARTICLE{Shapiro2014,
   author = {{Shapiro}, A.~I. and {Solanki}, S.~K. and {Krivova}, N.~A. and 
	{Schmutz}, W.~K. and {Ball}, W.~T. and {Knaack}, R. and {Rozanov}, E.~V. and 
	{Unruh}, Y.~C.},
    title = "{Variability of Sun-like stars: reproducing observed photometric trends}",
  journal = {\aap},
archivePrefix = "arXiv",
   eprint = {1406.2383},
 primaryClass = "astro-ph.SR",
 keywords = {Sun: activity, stars: activity, stars: solar-type, stars: variables: general, solar-terrestrial relations, Sun: atmosphere},
     year = 2014,
    month = sep,
   volume = 569,
      eid = {A38},
    pages = {A38},
      doi = {10.1051/0004-6361/201323086},
   adsurl = {http://adsabs.harvard.edu/abs/2014A%26A...569A..38S},
  adsnote = {Provided by the SAO/NASA Astrophysics Data System}
}

@article{Deming2013,
  author={Drake Deming and Ashlee Wilkins and Peter McCullough and Adam Burrows and Jonathan J. Fortney and Eric Agol and Ian
Dobbs-Dixon and Nikku Madhusudhan and Nicolas Crouzet and Jean-Michel Desert and Ronald L. Gilliland and Korey
Haynes and Heather A. Knutson and Michael Line and Zazralt Magic and Avi M. Mandell and Sukrit Ranjan and David
Charbonneau and Mark Clampin and Sara Seager and Adam P. Showman},
  title={Infrared Transmission Spectroscopy of the Exoplanets HDÂ 209458b and XO-1b Using the Wide Field Camera-3 on the Hubble Space Telescope},
  journal={The Astrophysical Journal},
  volume={774},
  number={2},
  pages={95},
  url={http://stacks.iop.org/0004-637X/774/i=2/a=95},
  year={2013}
 }
 
 @ARTICLE{Mukadam2011,
   author = {{Mukadam}, A.~S. and {Owen}, R. and {Mannery}, E. and {MacDonald}, N. and 
	{Williams}, B. and {Stauffer}, F. and {Miller}, C.},
    title = "{High-Speed Time-Series CCD Photometry with Agile}",
  journal = {\pasp},
     year = 2011,
    month = dec,
   volume = 123,
    pages = {1423-1433},
      doi = {10.1086/663725},
   adsurl = {http://adsabs.harvard.edu/abs/2011PASP..123.1423M},
  adsnote = {Provided by the SAO/NASA Astrophysics Data System}
}

@ARTICLE{Batalha2013,
   author = {{Batalha}, N.~M. and {Rowe}, J.~F. and {Bryson}, S.~T. and {Barclay}, T. and 
	{Burke}, C.~J. and {Caldwell}, D.~A. and {Christiansen}, J.~L. and 
	{Mullally}, F. and {Thompson}, S.~E. and {Brown}, T.~M. and 
	{Dupree}, A.~K. and {Fabrycky}, D.~C. and {Ford}, E.~B. and 
	{Fortney}, J.~J. and {Gilliland}, R.~L. and {Isaacson}, H. and 
	{Latham}, D.~W. and {Marcy}, G.~W. and {Quinn}, S.~N. and {Ragozzine}, D. and 
	{Shporer}, A. and {Borucki}, W.~J. and {Ciardi}, D.~R. and {Gautier}, III, T.~N. and 
	{Haas}, M.~R. and {Jenkins}, J.~M. and {Koch}, D.~G. and {Lissauer}, J.~J. and 
	{Rapin}, W. and {Basri}, G.~S. and {Boss}, A.~P. and {Buchhave}, L.~A. and 
	{Carter}, J.~A. and {Charbonneau}, D. and {Christensen-Dalsgaard}, J. and 
	{Clarke}, B.~D. and {Cochran}, W.~D. and {Demory}, B.-O. and 
	{Desert}, J.-M. and {Devore}, E. and {Doyle}, L.~R. and {Esquerdo}, G.~A. and 
	{Everett}, M. and {Fressin}, F. and {Geary}, J.~C. and {Girouard}, F.~R. and 
	{Gould}, A. and {Hall}, J.~R. and {Holman}, M.~J. and {Howard}, A.~W. and 
	{Howell}, S.~B. and {Ibrahim}, K.~A. and {Kinemuchi}, K. and 
	{Kjeldsen}, H. and {Klaus}, T.~C. and {Li}, J. and {Lucas}, P.~W. and 
	{Meibom}, S. and {Morris}, R.~L. and {Pr{\v s}a}, A. and {Quintana}, E. and 
	{Sanderfer}, D.~T. and {Sasselov}, D. and {Seader}, S.~E. and 
	{Smith}, J.~C. and {Steffen}, J.~H. and {Still}, M. and {Stumpe}, M.~C. and 
	{Tarter}, J.~C. and {Tenenbaum}, P. and {Torres}, G. and {Twicken}, J.~D. and 
	{Uddin}, K. and {Van Cleve}, J. and {Walkowicz}, L. and {Welsh}, W.~F.
	},
    title = "{Planetary Candidates Observed by Kepler. III. Analysis of the First 16 Months of Data}",
  journal = {\apjs},
archivePrefix = "arXiv",
   eprint = {1202.5852},
 primaryClass = "astro-ph.EP",
 keywords = {catalogs, eclipses, planetary systems, space vehicles, techniques: photometric },
     year = 2013,
    month = feb,
   volume = 204,
      eid = {24},
    pages = {24},
      doi = {10.1088/0067-0049/204/2/24},
   adsurl = {http://adsabs.harvard.edu/abs/2013ApJS..204...24B},
  adsnote = {Provided by the SAO/NASA Astrophysics Data System}
}

@ARTICLE{Gillon2016,
   author = {{Gillon}, M. and {Jehin}, E. and {Lederer}, S.~M. and {Delrez}, L. and 
	{de Wit}, J. and {Burdanov}, A. and {Van Grootel}, V. and {Burgasser}, A.~J. and 
	{Triaud}, A.~H.~M.~J. and {Opitom}, C. and {Demory}, B.-O. and 
	{Sahu}, D.~K. and {Bardalez Gagliuffi}, D. and {Magain}, P. and 
	{Queloz}, D.},
    title = "{Temperate Earth-sized planets transiting a nearby ultracool dwarf star}",
  journal = {\nat},
archivePrefix = "arXiv",
   eprint = {1605.07211},
 primaryClass = "astro-ph.EP",
     year = 2016,
    month = may,
   volume = 533,
    pages = {221-224},
      doi = {10.1038/nature17448},
   adsurl = {http://adsabs.harvard.edu/abs/2016Natur.533..221G},
  adsnote = {Provided by the SAO/NASA Astrophysics Data System}
}

@ARTICLE{Luger2016,
   author = {{Luger}, R. and {Agol}, E. and {Kruse}, E. and {Barnes}, R. and 
	{Becker}, A. and {Foreman-Mackey}, D. and {Deming}, D.},
    title = "{EVEREST: Pixel Level Decorrelation of K2 Light Curves}",
  journal = {\aj},
archivePrefix = "arXiv",
   eprint = {1607.00524},
 primaryClass = "astro-ph.EP",
 keywords = {catalogs, planets and satellites: detection, techniques: photometric},
     year = 2016,
    month = oct,
   volume = 152,
      eid = {100},
    pages = {100},
      doi = {10.3847/0004-6256/152/4/100},
   adsurl = {http://adsabs.harvard.edu/abs/2016AJ....152..100L},
  adsnote = {Provided by the SAO/NASA Astrophysics Data System}
}

@ARTICLE{Wong2004,
   author = {{Wong}, M.~H. and {Mahaffy}, P.~R. and {Atreya}, S.~K. and {Niemann}, H.~B. and 
	{Owen}, T.~C.},
    title = "{Updated Galileo probe mass spectrometer measurements of carbon, oxygen, nitrogen, and sulfur on Jupiter}",
  journal = {\icarus},
     year = 2004,
    month = sep,
   volume = 171,
    pages = {153-170},
      doi = {10.1016/j.icarus.2004.04.010},
   adsurl = {http://adsabs.harvard.edu/abs/2004Icar..171..153W},
  adsnote = {Provided by the SAO/NASA Astrophysics Data System}
}

@ARTICLE{Flasar2005,
   author = {{Flasar}, F.~M. and {Achterberg}, R.~K. and {Conrath}, B.~J. and 
	{Pearl}, J.~C. and {Bjoraker}, G.~L. and {Jennings}, D.~E. and 
	{Romani}, P.~N. and {Simon-Miller}, A.~A. and {Kunde}, V.~G. and 
	{Nixon}, C.~A. and {B{\'e}zard}, B. and {Orton}, G.~S. and {Spilker}, L.~J. and 
	{Spencer}, J.~R. and {Irwin}, P.~G.~J. and {Teanby}, N.~A. and 
	{Owen}, T.~C. and {Brasunas}, J. and {Segura}, M.~E. and {Carlson}, R.~C. and 
	{Mamoutkine}, A. and {Gierasch}, P.~J. and {Schinder}, P.~J. and 
	{Showalter}, M.~R. and {Ferrari}, C. and {Barucci}, A. and {Courtin}, R. and 
	{Coustenis}, A. and {Fouchet}, T. and {Gautier}, D. and {Lellouch}, E. and 
	{Marten}, A. and {Prang{\'e}}, R. and {Strobel}, D.~F. and {Calcutt}, S.~B. and 
	{Read}, P.~L. and {Taylor}, F.~W. and {Bowles}, N. and {Samuelson}, R.~E. and 
	{Abbas}, M.~M. and {Raulin}, F. and {Ade}, P. and {Edgington}, S. and 
	{Pilorz}, S. and {Wallis}, B. and {Wishnow}, E.~H.},
    title = "{Temperatures, Winds, and Composition in the Saturnian System}",
  journal = {Science},
     year = 2005,
    month = feb,
   volume = 307,
    pages = {1247-1251},
      doi = {10.1126/science.1105806},
   adsurl = {http://adsabs.harvard.edu/abs/2005Sci...307.1247F},
  adsnote = {Provided by the SAO/NASA Astrophysics Data System}
}

@ARTICLE{Guillot2009,
   author = {{Guillot}, T. and {Gautier}, D.},
    title = "{Giant Planets}",
  journal = {ArXiv e-prints},
archivePrefix = "arXiv",
   eprint = {0912.2019},
 primaryClass = "astro-ph.EP",
 keywords = {Astrophysics - Earth and Planetary Astrophysics},
     year = 2009,
    month = dec,
   adsurl = {http://adsabs.harvard.edu/abs/2009arXiv0912.2019G},
  adsnote = {Provided by the SAO/NASA Astrophysics Data System}
}

@ARTICLE{Pollack1996,
   author = {{Pollack}, J.~B. and {Hubickyj}, O. and {Bodenheimer}, P. and 
	{Lissauer}, J.~J. and {Podolak}, M. and {Greenzweig}, Y.},
    title = "{Formation of the Giant Planets by Concurrent Accretion of Solids and Gas}",
  journal = {\icarus},
     year = 1996,
    month = nov,
   volume = 124,
    pages = {62-85},
      doi = {10.1006/icar.1996.0190},
   adsurl = {http://adsabs.harvard.edu/abs/1996Icar..124...62P},
  adsnote = {Provided by the SAO/NASA Astrophysics Data System}
}

@ARTICLE{Alibert2005,
   author = {{Alibert}, Y. and {Mordasini}, C. and {Benz}, W. and {Winisdoerffer}, C.
	},
    title = "{Models of giant planet formation with migration and disc evolution}",
  journal = {\aap},
   eprint = {astro-ph/0412444},
 keywords = {stars: planetary systems, stars: planetary systems: formation, solar system: formation},
     year = 2005,
    month = apr,
   volume = 434,
    pages = {343-353},
      doi = {10.1051/0004-6361:20042032},
   adsurl = {http://adsabs.harvard.edu/abs/2005A%26A...434..343A},
  adsnote = {Provided by the SAO/NASA Astrophysics Data System}
}

@ARTICLE{Miller2011,
   author = {{Miller}, N. and {Fortney}, J.~J.},
    title = "{The Heavy-element Masses of Extrasolar Giant Planets, Revealed}",
  journal = {\apjl},
archivePrefix = "arXiv",
   eprint = {1105.0024},
 primaryClass = "astro-ph.EP",
 keywords = {planetary systems},
     year = 2011,
    month = aug,
   volume = 736,
      eid = {L29},
    pages = {L29},
      doi = {10.1088/2041-8205/736/2/L29},
   adsurl = {http://adsabs.harvard.edu/abs/2011ApJ...736L..29M},
  adsnote = {Provided by the SAO/NASA Astrophysics Data System}
}

@ARTICLE{Guillot2006,
   author = {{Guillot}, T. and {Santos}, N.~C. and {Pont}, F. and {Iro}, N. and 
	{Melo}, C. and {Ribas}, I.},
    title = "{A correlation between the heavy element content of transiting extrasolar planets and the metallicity of their parent stars}",
  journal = {\aap},
   eprint = {astro-ph/0605751},
 keywords = {planets and satellites: formation, stars: abundances, planetary systems},
     year = 2006,
    month = jul,
   volume = 453,
    pages = {L21-L24},
      doi = {10.1051/0004-6361:20065476},
   adsurl = {http://adsabs.harvard.edu/abs/2006A%26A...453L..21G},
  adsnote = {Provided by the SAO/NASA Astrophysics Data System}
}

@ARTICLE{Burrows2007,
   author = {{Burrows}, A. and {Hubeny}, I. and {Budaj}, J. and {Hubbard}, W.~B.
	},
    title = "{Possible Solutions to the Radius Anomalies of Transiting Giant Planets}",
  journal = {\apj},
   eprint = {astro-ph/0612703},
 keywords = {Stars: Planetary Systems, Planets and Satellites: General},
     year = 2007,
    month = may,
   volume = 661,
    pages = {502-514},
      doi = {10.1086/514326},
   adsurl = {http://adsabs.harvard.edu/abs/2007ApJ...661..502B},
  adsnote = {Provided by the SAO/NASA Astrophysics Data System}
}

@ARTICLE{Mocnik2016,
   author = {{Mo{\v c}nik}, T. and {Clark}, B.~J.~M. and {Anderson}, D.~R. and 
	{Hellier}, C. and {Brown}, D.~J.~A.},
    title = "{Starspots on WASP-85}",
  journal = {\aj},
archivePrefix = "arXiv",
   eprint = {1508.07281},
 primaryClass = "astro-ph.EP",
 keywords = {planets and satellites: individual: WASP-85Ab, stars: individual: WASP-85A, starspots},
     year = 2016,
    month = jun,
   volume = 151,
      eid = {150},
    pages = {150},
      doi = {10.3847/0004-6256/151/6/150},
   adsurl = {http://adsabs.harvard.edu/abs/2016AJ....151..150M},
  adsnote = {Provided by the SAO/NASA Astrophysics Data System}
}

@ARTICLE{Brown2015,
   author = {{Brown}, D.~J.~A.},
    title = "{Discovery of WASP-{\shy}85 Ab: A Hot Jupiter in a Visual Binary System}",
  journal = {European Planetary Science Congress 2015, held 27 September - 2 October, 2015 in Nantes, France, Online at <A href=''http://meetingorganizer.copernicus.org/EPSC2015/EPSC2015''> http://meetingorganizer.copernicus.org/EPSC2015</A>, id.EPSC2015-603},
archivePrefix = "arXiv",
   eprint = {1412.7761},
 primaryClass = "astro-ph.EP",
     year = 2015,
    month = oct,
   volume = 10,
      eid = {EPSC2015-603},
    pages = {EPSC2015-603},
   adsurl = {http://adsabs.harvard.edu/abs/2015EPSC...10..603B},
  adsnote = {Provided by the SAO/NASA Astrophysics Data System}
}

@INPROCEEDINGS{Magrin2014,
   author = {{Magrin}, D. and {Farinato}, J. and {Umbriaco}, G. and {Kumar Radhakrishnan Santhakumari}, K. and 
	{Bergomi}, M. and {Dima}, M. and {Greggio}, D. and {Marafatto}, L. and 
	{Ragazzoni}, R. and {Viotto}, V. and {Munari}, M. and {Pagano}, I. and 
	{Scandariato}, G. and {Scuderi}, S. and {Piotto}, G. and {Beck}, T. and 
	{Benz}, W. and {Broeg}, C. and {Cessa}, V. and {Fortier}, A. and 
	{Piazza}, D.},
    title = "{Shaping the PSF to nearly top-hat profile: CHEOPS laboratory results}",
booktitle = {Space Telescopes and Instrumentation 2014: Optical, Infrared, and Millimeter Wave},
     year = 2014,
   series = {\procspie},
   volume = 9143,
    month = aug,
      eid = {91434L},
    pages = {91434L},
      doi = {10.1117/12.2055858},
   adsurl = {http://adsabs.harvard.edu/abs/2014SPIE.9143E..4LM},
  adsnote = {Provided by the SAO/NASA Astrophysics Data System}
}

@ARTICLE{Deck2014,
   author = {{Deck}, K.~M. and {Agol}, E. and {Holman}, M.~J. and {Nesvorn{\'y}}, D.
	},
    title = "{TTVFast: An Efficient and Accurate Code for Transit Timing Inversion Problems}",
  journal = {\apj},
archivePrefix = "arXiv",
   eprint = {1403.1895},
 primaryClass = "astro-ph.EP",
 keywords = {planets and satellites: dynamical evolution and stability, planets and satellites: fundamental parameters, methods: numerical},
     year = 2014,
    month = jun,
   volume = 787,
      eid = {132},
    pages = {132},
      doi = {10.1088/0004-637X/787/2/132},
   adsurl = {http://adsabs.harvard.edu/abs/2014ApJ...787..132D},
  adsnote = {Provided by the SAO/NASA Astrophysics Data System}
}

@ARTICLE{Agol2016a,
   author = {{Agol}, E. and {Deck}, K.},
    title = "{Transit Timing to First Order in Eccentricity}",
  journal = {\apj},
archivePrefix = "arXiv",
   eprint = {1509.01623},
 primaryClass = "astro-ph.EP",
 keywords = {planets and satellites: detection, planets and satellites: dynamical evolution and stability, planets and satellites: fundamental parameters},
     year = 2016,
    month = feb,
   volume = 818,
      eid = {177},
    pages = {177},
      doi = {10.3847/0004-637X/818/2/177},
   adsurl = {http://adsabs.harvard.edu/abs/2016ApJ...818..177A},
  adsnote = {Provided by the SAO/NASA Astrophysics Data System}
}

@MISC{Agol2016b,
   author = {{Agol}, E. and {Deck}, K.},
    title = "{TTVFaster: First order eccentricity transit timing variations (TTVs)}",
 keywords = {Software},
howpublished = {Astrophysics Source Code Library},
     year = 2016,
    month = apr,
archivePrefix = "ascl",
   eprint = {1604.012},
   adsurl = {http://adsabs.harvard.edu/abs/2016ascl.soft04012A},
  adsnote = {Provided by the SAO/NASA Astrophysics Data System}
}

@ARTICLE{Astropy2013,
   author = {{Astropy Collaboration} and {Robitaille}, T.~P. and {Tollerud}, E.~J. and 
	{Greenfield}, P. and {Droettboom}, M. and {Bray}, E. and {Aldcroft}, T. and 
	{Davis}, M. and {Ginsburg}, A. and {Price-Whelan}, A.~M. and 
	{Kerzendorf}, W.~E. and {Conley}, A. and {Crighton}, N. and 
	{Barbary}, K. and {Muna}, D. and {Ferguson}, H. and {Grollier}, F. and 
	{Parikh}, M.~M. and {Nair}, P.~H. and {Unther}, H.~M. and {Deil}, C. and 
	{Woillez}, J. and {Conseil}, S. and {Kramer}, R. and {Turner}, J.~E.~H. and 
	{Singer}, L. and {Fox}, R. and {Weaver}, B.~A. and {Zabalza}, V. and 
	{Edwards}, Z.~I. and {Azalee Bostroem}, K. and {Burke}, D.~J. and 
	{Casey}, A.~R. and {Crawford}, S.~M. and {Dencheva}, N. and 
	{Ely}, J. and {Jenness}, T. and {Labrie}, K. and {Lim}, P.~L. and 
	{Pierfederici}, F. and {Pontzen}, A. and {Ptak}, A. and {Refsdal}, B. and 
	{Servillat}, M. and {Streicher}, O.},
    title = "{Astropy: A community Python package for astronomy}",
  journal = {\aap},
archivePrefix = "arXiv",
   eprint = {1307.6212},
 primaryClass = "astro-ph.IM",
 keywords = {methods: data analysis, methods: miscellaneous, virtual observatory tools},
     year = 2013,
    month = oct,
   volume = 558,
      eid = {A33},
    pages = {A33},
      doi = {10.1051/0004-6361/201322068},
   adsurl = {http://adsabs.harvard.edu/abs/2013A%26A...558A..33A},
  adsnote = {Provided by the SAO/NASA Astrophysics Data System}
}

@MISC{Greenfield2013,
   author = {{Greenfield}, P. and {Robitaille}, T. and {Tollerud}, E. and 
	{Aldcroft}, T. and {Barbary}, K. and {Barrett}, P. and {Bray}, E. and 
	{Crighton}, N. and {Conley}, A. and {Conseil}, S. and {Davis}, M. and 
	{Deil}, C. and {Dencheva}, N. and {Droettboom}, M. and {Ferguson}, H. and 
	{Ginsburg}, A. and {Grollier}, F. and {Moritz G{\"u}nther}, H. and 
	{Hanley}, C. and {Hsu}, J.~C. and {Kerzendorf}, W. and {Kramer}, R. and 
	{Lian Lim}, P. and {Muna}, D. and {Nair}, P. and {Price-Whelan}, A. and 
	{Shiga}, D. and {Singer}, L. and {Taylor}, J. and {Turner}, J. and 
	{Woillez}, J. and {Zabalza}, V.},
    title = "{Astropy: Community Python library for astronomy}",
 keywords = {Software },
howpublished = {Astrophysics Source Code Library},
     year = 2013,
    month = apr,
archivePrefix = "ascl",
   eprint = {1304.002},
   adsurl = {http://adsabs.harvard.edu/abs/2013ascl.soft04002G},
  adsnote = {Provided by the SAO/NASA Astrophysics Data System}
}

@ARTICLE{Lovis2011,
   author = {{Lovis}, C. and {Dumusque}, X. and {Santos}, N.~C. and {Bouchy}, F. and 
	{Mayor}, M. and {Pepe}, F. and {Queloz}, D. and {S{\'e}gransan}, D. and 
	{Udry}, S.},
    title = "{The HARPS search for southern extra-solar planets. XXXI. Magnetic activity cycles in solar-type stars: statistics and impact on precise radial velocities}",
  journal = {ArXiv e-prints},
archivePrefix = "arXiv",
   eprint = {1107.5325},
 primaryClass = "astro-ph.SR",
 keywords = {Astrophysics - Solar and Stellar Astrophysics, Astrophysics - Earth and Planetary Astrophysics},
     year = 2011,
    month = jul,
   adsurl = {http://adsabs.harvard.edu/abs/2011arXiv1107.5325L},
  adsnote = {Provided by the SAO/NASA Astrophysics Data System}
}

@ARTICLE{Kempton2016,
   author = {{Kempton}, E.~M.-R. and {Lupu}, R.~E. and {Owusu-Asare}, A. and 
	{Slough}, P. and {Cale}, B.},
    title = "{Exo-Transmit: An Open-Source Code for Calculating Transmission Spectra for Exoplanet Atmospheres of Varied Composition}",
  journal = {ArXiv e-prints},
archivePrefix = "arXiv",
   eprint = {1611.03871},
 primaryClass = "astro-ph.EP",
 keywords = {Astrophysics - Earth and Planetary Astrophysics},
     year = 2016,
    month = nov,
   adsurl = {http://adsabs.harvard.edu/abs/2016arXiv161103871K},
  adsnote = {Provided by the SAO/NASA Astrophysics Data System}
}

@ARTICLE{Rayner2009,
   author = {{Rayner}, J.~T. and {Cushing}, M.~C. and {Vacca}, W.~D.},
    title = "{The Infrared Telescope Facility (IRTF) Spectral Library: Cool Stars}",
  journal = {\apjs},
archivePrefix = "arXiv",
   eprint = {0909.0818},
 primaryClass = "astro-ph.SR",
 keywords = {atlases, infrared: stars, stars: AGB and post-AGB, stars: carbon, stars: fundamental parameters, stars: late-type, techniques: spectroscopic},
     year = 2009,
    month = dec,
   volume = 185,
    pages = {289-432},
      doi = {10.1088/0067-0049/185/2/289},
   adsurl = {http://adsabs.harvard.edu/abs/2009ApJS..185..289R},
  adsnote = {Provided by the SAO/NASA Astrophysics Data System}
}

@ARTICLE{Cushing2005,
   author = {{Cushing}, M.~C. and {Rayner}, J.~T. and {Vacca}, W.~D.},
    title = "{An Infrared Spectroscopic Sequence of M, L, and T Dwarfs}",
  journal = {\apj},
   eprint = {astro-ph/0412313},
 keywords = {Infrared: Stars, Stars: Fundamental Parameters, Stars: Individual: Alphanumeric: 2MASS J2224381-0158521, Stars: Late-Type, Stars: Low-Mass, Brown Dwarfs},
     year = 2005,
    month = apr,
   volume = 623,
    pages = {1115-1140},
      doi = {10.1086/428040},
   adsurl = {http://adsabs.harvard.edu/abs/2005ApJ...623.1115C},
  adsnote = {Provided by the SAO/NASA Astrophysics Data System}
}

@ARTICLE{Rayner2003,
   author = {{Rayner}, J.~T. and {Toomey}, D.~W. and {Onaka}, P.~M. and {Denault}, A.~J. and 
	{Stahlberger}, W.~E. and {Vacca}, W.~D. and {Cushing}, M.~C. and 
	{Wang}, S.},
    title = "{SpeX: A Medium-Resolution 0.8-5.5 Micron Spectrograph and Imager for the NASA Infrared Telescope Facility}",
  journal = {\pasp},
 keywords = {Stars: Hertzsprung-Russell Diagram, Instrumentation: Detectors, Instrumentation: Spectrographs, Stars: Low-Mass, Brown Dwarfs, Stars: Wolf-Rayet},
     year = 2003,
    month = mar,
   volume = 115,
    pages = {362-382},
      doi = {10.1086/367745},
   adsurl = {http://adsabs.harvard.edu/abs/2003PASP..115..362R},
  adsnote = {Provided by the SAO/NASA Astrophysics Data System}
}

@ARTICLE{Gillon2017,
   author = {{Gillon}, M. and {Triaud}, A.~H.~M.~J. and {Demory}, B.-O. and 
	{Jehin}, E. and {Agol}, E. and {Deck}, K.~M. and {Lederer}, S.~M. and 
	{de Wit}, J. and {Burdanov}, A. and {Ingalls}, J.~G. and {Bolmont}, E. and 
	{Leconte}, J. and {Raymond}, S.~N. and {Selsis}, F. and {Turbet}, M. and 
	{Barkaoui}, K. and {Burgasser}, A. and {Burleigh}, M.~R. and 
	{Carey}, S.~J. and {Chaushev}, A. and {Copperwheat}, C.~M. and 
	{Delrez}, L. and {Fernandes}, C.~S. and {Holdsworth}, D.~L. and 
	{Kotze}, E.~J. and {Van Grootel}, V. and {Almleaky}, Y. and 
	{Benkhaldoun}, Z. and {Magain}, P. and {Queloz}, D.},
    title = "{Seven temperate terrestrial planets around the nearby ultracool dwarf star TRAPPIST-1}",
  journal = {\nat},
archivePrefix = "arXiv",
   eprint = {1703.01424},
 primaryClass = "astro-ph.EP",
     year = 2017,
    month = feb,
   volume = 542,
    pages = {456-460},
      doi = {10.1038/nature21360},
   adsurl = {http://adsabs.harvard.edu/abs/2017Natur.542..456G},
  adsnote = {Provided by the SAO/NASA Astrophysics Data System}
}
 
@ARTICLE{Luger2017,
   author = {{Luger}, R. and {Sestovic}, M. and {Kruse}, E. and {Grimm}, S.~L. and 
	{Demory}, B.-O. and {Agol}, E. and {Bolmont}, E. and {Fabrycky}, D. and 
	{Fernandes}, C.~S. and {Van Grootel}, V. and {Burgasser}, A. and 
	{Gillon}, M. and {Ingalls}, J.~G. and {Jehin}, E. and {Raymond}, S.~N. and 
	{Selsis}, F. and {Triaud}, A.~H.~M.~J. and {Barclay}, T. and 
	{Barentsen}, G. and {Howell}, S.~B. and {Delrez}, L. and {de Wit}, J. and 
	{Foreman-Mackey}, D. and {Holdsworth}, D.~L. and {Leconte}, J. and 
	{Lederer}, S. and {Turbet}, M. and {Almleaky}, Y. and {Benkhaldoun}, Z. and 
	{Magain}, P. and {Morris}, B.~M. and {Heng}, K. and {Queloz}, D.
	},
    title = "{A seven-planet resonant chain in TRAPPIST-1}",
  journal = {Nature Astronomy},
archivePrefix = "arXiv",
   eprint = {1703.04166},
 primaryClass = "astro-ph.EP",
     year = 2017,
    month = jun,
   volume = 1,
      eid = {0129},
    pages = {0129},
      doi = {10.1038/s41550-017-0129},
   adsurl = {http://adsabs.harvard.edu/abs/2017NatAs...1E.129L},
  adsnote = {Provided by the SAO/NASA Astrophysics Data System}
}

@ARTICLE{Barclay2015,
   author = {{Barclay}, T. and {Quintana}, E.~V. and {Adams}, F.~C. and {Ciardi}, D.~R. and 
	{Huber}, D. and {Foreman-Mackey}, D. and {Montet}, B.~T. and 
	{Caldwell}, D.},
    title = "{The Five Planets in the Kepler-296 Binary System All Orbit the Primary: A Statistical and Analytical Analysis}",
  journal = {\apj},
archivePrefix = "arXiv",
   eprint = {1505.01845},
 primaryClass = "astro-ph.EP",
 keywords = {binaries: general, methods: data analysis, methods: statistical, planetary systems, stars: individual: Kepler-296, KIC 11497958, KOI-1422, techniques: photometric},
     year = 2015,
    month = aug,
   volume = 809,
      eid = {7},
    pages = {7},
      doi = {10.1088/0004-637X/809/1/7},
   adsurl = {http://adsabs.harvard.edu/abs/2015ApJ...809....7B},
  adsnote = {Provided by the SAO/NASA Astrophysics Data System}
}

@article{Borucki2013,
	author = {Borucki, William J. and Agol, Eric and Fressin, Francois and Kaltenegger, Lisa and Rowe, Jason and Isaacson, Howard and Fischer, Debra and Batalha, Natalie and Lissauer, Jack J. and Marcy, Geoffrey W. and Fabrycky, Daniel and D{\'e}sert, Jean-Michel and Bryson, Stephen T. and Barclay, Thomas and Bastien, Fabienne and Boss, Alan and Brugamyer, Erik and Buchhave, Lars A. and Burke, Chris and Caldwell, Douglas A. and Carter, Josh and Charbonneau, David and Crepp, Justin R. and Christensen-Dalsgaard, J{\o}rgen and Christiansen, Jessie L. and Ciardi, David and Cochran, William D. and DeVore, Edna and Doyle, Laurance and Dupree, Andrea K. and Endl, Michael and Everett, Mark E. and Ford, Eric B. and Fortney, Jonathan and Gautier, Thomas N. and Geary, John C. and Gould, Alan and Haas, Michael and Henze, Christopher and Howard, Andrew W. and Howell, Steve B. and Huber, Daniel and Jenkins, Jon M. and Kjeldsen, Hans and Kolbl, Rea and Kolodziejczak, Jeffery and Latham, David W. and Lee, Brian L. and Lopez, Eric and Mullally, Fergal and Orosz, Jerome A. and Prsa, Andrej and Quintana, Elisa V. and Sasselov, Dimitar and Seader, Shawn and Shporer, Avi and Steffen, Jason H. and Still, Martin and Tenenbaum, Peter and Thompson, Susan E. and Torres, Guillermo and Twicken, Joseph D. and Welsh, William F. and Winn, Joshua N.},
	title = {Kepler-62: A Five-Planet System with Planets of 1.4 and 1.6 Earth Radii in the Habitable Zone},
	year = {2013},
	doi = {10.1126/science.1234702},
	publisher = {American Association for the Advancement of Science},
	abstract = {We present the detection of five planets{\textemdash}Kepler-62b, c, d, e, and f{\textemdash}of size 1.31, 0.54, 1.95, 1.61 and 1.41 Earth radii (R(+)), orbiting a K2V star at periods of 5.7, 12.4, 18.2, 122.4, and 267.3 days, respectively. The outermost planets (Kepler-62e and -62f) are super-Earth-size (1.25 \&lt; planet radius <= 2.0 R(+)) planets in the habitable zone (HZ) of their host star, receiving 1.2 {\textpm} 0.2 and 0.41 {\textpm} 0.05 times the solar flux at Earth{\textquoteright}s orbit (Sâ). Theoretical models of Kepler-62e and -62f for a stellar age of ~7 Gyr suggest that both planets could be solid, either with a rocky composition or composed of mostly solid water in their bulk.},
	issn = {0036-8075},
	URL = {http://science.sciencemag.org/content/early/2013/04/17/science.1234702},
	eprint = {http://science.sciencemag.org/content/early/2013/04/17/science.1234702.full.pdf},
	journal = {Science}
}


@ARTICLE{Kaltenegger2013,
   author = {{Kaltenegger}, L. and {Sasselov}, D. and {Rugheimer}, S.},
    title = "{Water-planets in the Habitable Zone: Atmospheric Chemistry, Observable Features, and the Case of Kepler-62e and -62f}",
  journal = {\apjl},
archivePrefix = "arXiv",
   eprint = {1304.5058},
 primaryClass = "astro-ph.EP",
 keywords = {astrobiology, planets and satellites: atmospheres, planets and satellites: detection, planets and satellites: individual: Kepler-62f Kepler-62e Kepler-69c},
     year = 2013,
    month = oct,
   volume = 775,
      eid = {L47},
    pages = {L47},
      doi = {10.1088/2041-8205/775/2/L47},
   adsurl = {http://adsabs.harvard.edu/abs/2013ApJ...775L..47K},
  adsnote = {Provided by the SAO/NASA Astrophysics Data System}
}

@ARTICLE{Shields2016,
   author = {{Shields}, A.~L. and {Barnes}, R. and {Agol}, E. and {Charnay}, B. and 
	{Bitz}, C. and {Meadows}, V.~S.},
    title = "{The Effect of Orbital Configuration on the Possible Climates and Habitability of Kepler-62f}",
  journal = {Astrobiology},
archivePrefix = "arXiv",
   eprint = {1603.01272},
 primaryClass = "astro-ph.EP",
 keywords = {Extrasolar planets, Habitability, Planetary environments.},
     year = 2016,
    month = jun,
   volume = 16,
    pages = {443-464},
      doi = {10.1089/ast.2015.1353},
   adsurl = {http://adsabs.harvard.edu/abs/2016AsBio..16..443S},
  adsnote = {Provided by the SAO/NASA Astrophysics Data System}
}

@INPROCEEDINGS{Bolmont2014,
   author = {{Bolmont}, E. and {Raymond}, S.~N. and {Leconte}, J. and {Correia}, A. and 
	{Quintana}, E.},
    title = "{Tidal evolution in multiple planet systems: application to Kepler-62 and Kepler-186}",
 keywords = {Planets and satellites: dynamical evolution and stability, Planet-star interactions, stars: individual (Kepler-62, Kepler-186), methods: N-body simulations,},
booktitle = {Complex Planetary Systems, Proceedings of the International Astronomical Union},
     year = 2014,
   series = {IAU Symposium},
   volume = 310,
archivePrefix = "arXiv",
   eprint = {1410.7428},
 primaryClass = "astro-ph.EP",
    month = jul,
    pages = {58-61},
      doi = {10.1017/S1743921314007832},
   adsurl = {http://adsabs.harvard.edu/abs/2014IAUS..310...58B},
  adsnote = {Provided by the SAO/NASA Astrophysics Data System}
}

@ARTICLE{Bolmont2015,
   author = {{Bolmont}, E. and {Raymond}, S.~N. and {Leconte}, J. and {Hersant}, F. and 
	{Correia}, A.~C.~M.},
    title = "{Mercury-T: A new code to study tidally evolving multi-planet systems. Applications to Kepler-62}",
  journal = {\aap},
archivePrefix = "arXiv",
   eprint = {1507.04751},
 primaryClass = "astro-ph.EP",
 keywords = {planets and satellites: dynamical evolution and stability, planets and satellites: terrestrial planets, planets and satellites: individual: Kepler 62, planet-star interactions},
     year = 2015,
    month = nov,
   volume = 583,
      eid = {A116},
    pages = {A116},
      doi = {10.1051/0004-6361/201525909},
   adsurl = {http://adsabs.harvard.edu/abs/2015A%26A...583A.116B},
  adsnote = {Provided by the SAO/NASA Astrophysics Data System}
}


@ARTICLE{Luger2015,
   author = {{Luger}, R. and {Barnes}, R. and {Lopez}, E. and {Fortney}, J. and 
	{Jackson}, B. and {Meadows}, V.},
    title = "{Habitable Evaporated Cores: Transforming Mini-Neptunes into Super-Earths in the Habitable Zones of M Dwarfs}",
  journal = {Astrobiology},
archivePrefix = "arXiv",
   eprint = {1501.06572},
 primaryClass = "astro-ph.EP",
     year = 2015,
    month = jan,
   volume = 15,
    pages = {57-88},
      doi = {10.1089/ast.2014.1215},
   adsurl = {http://adsabs.harvard.edu/abs/2015AsBio..15...57L},
  adsnote = {Provided by the SAO/NASA Astrophysics Data System}
}

@article{Luger2015b,
author = {Luger, R and Barnes, R},
doi = {10.1089/ast.2014.1231},
issn = {1531-1074},
journal = {Astrobiology},
number = {2},
pages = {119--143},
title = {{Extreme Water Loss and Abiotic O2 Buildup on Planets}},
volume = {15},
year = {2015}
}

@ARTICLE{Torres2015,
   author = {{Torres}, G. and {Kipping}, D.~M. and {Fressin}, F. and {Caldwell}, D.~A. and 
	{Twicken}, J.~D. and {Ballard}, S. and {Batalha}, N.~M. and 
	{Bryson}, S.~T. and {Ciardi}, D.~R. and {Henze}, C.~E. and {Howell}, S.~B. and 
	{Isaacson}, H.~T. and {Jenkins}, J.~M. and {Muirhead}, P.~S. and 
	{Newton}, E.~R. and {Petigura}, E.~A. and {Barclay}, T. and 
	{Borucki}, W.~J. and {Crepp}, J.~R. and {Everett}, M.~E. and 
	{Horch}, E.~P. and {Howard}, A.~W. and {Kolbl}, R. and {Marcy}, G.~W. and 
	{McCauliff}, S. and {Quintana}, E.~V.},
    title = "{Validation of 12 Small Kepler Transiting Planets in the Habitable Zone}",
  journal = {\apj},
archivePrefix = "arXiv",
   eprint = {1501.01101},
 primaryClass = "astro-ph.EP",
 keywords = {methods: statistical, planetary systems, stars: individual: KOI-3284 (Kepler-438) KOI-4742 (Kepler-442), techniques: photometric},
     year = 2015,
    month = feb,
   volume = 800,
      eid = {99},
    pages = {99},
      doi = {10.1088/0004-637X/800/2/99},
   adsurl = {http://adsabs.harvard.edu/abs/2015ApJ...800...99T},
  adsnote = {Provided by the SAO/NASA Astrophysics Data System}
}

@ARTICLE{Roettenbacher2017,
   author = {{Roettenbacher}, R.~M. and {Kane}, S.~R.},
    title = "{The Stellar Activity of TRAPPIST-1 and Consequences for the Planetary Atmospheres}",
  journal = {\apj},
archivePrefix = "arXiv",
   eprint = {1711.02676},
 primaryClass = "astro-ph.SR",
 keywords = {stars: activity, stars: individual: TRAPPIST-1, stars: variables: general, starspots },
     year = 2017,
    month = dec,
   volume = 851,
      eid = {77},
    pages = {77},
      doi = {10.3847/1538-4357/aa991e},
   adsurl = {http://adsabs.harvard.edu/abs/2017ApJ...851...77R},
  adsnote = {Provided by the SAO/NASA Astrophysics Data System}
}

@ARTICLE{Quarles2017,
   author = {{Quarles}, B. and {Quintana}, E.~V. and {Lopez}, E. and {Schlieder}, J.~E. and 
	{Barclay}, T.},
    title = "{Plausible Compositions of the Seven TRAPPIST-1 Planets Using Long-term Dynamical Simulations}",
  journal = {\apjl},
archivePrefix = "arXiv",
   eprint = {1704.02261},
 primaryClass = "astro-ph.EP",
 keywords = {methods: numerical, planets and satellites: composition, planets and satellites: dynamical evolution and stability },
     year = 2017,
    month = jun,
   volume = 842,
      eid = {L5},
    pages = {L5},
      doi = {10.3847/2041-8213/aa74bf},
   adsurl = {http://adsabs.harvard.edu/abs/2017ApJ...842L...5Q},
  adsnote = {Provided by the SAO/NASA Astrophysics Data System}
}

@ARTICLE{Bolmont2017,
   author = {{Bolmont}, E. and {Selsis}, F. and {Owen}, J.~E. and {Ribas}, I. and 
	{Raymond}, S.~N. and {Leconte}, J. and {Gillon}, M.},
    title = "{Water loss from terrestrial planets orbiting ultracool dwarfs: implications for the planets of TRAPPIST-1}",
  journal = {\mnras},
archivePrefix = "arXiv",
   eprint = {1605.00616},
 primaryClass = "astro-ph.EP",
 keywords = {planets and satellites: atmospheres, planets and satellites: individual: TRAPPIST-1, planet star interactions, brown dwarfs, stars: low-mass},
     year = 2017,
    month = jan,
   volume = 464,
    pages = {3728-3741},
      doi = {10.1093/mnras/stw2578},
   adsurl = {http://adsabs.harvard.edu/abs/2017MNRAS.464.3728B},
  adsnote = {Provided by the SAO/NASA Astrophysics Data System}
}

@ARTICLE{Lissauer2014,
   author = {{Lissauer}, J.~J. and {Marcy}, G.~W. and {Bryson}, S.~T. and 
	{Rowe}, J.~F. and {Jontof-Hutter}, D. and {Agol}, E. and {Borucki}, W.~J. and 
	{Carter}, J.~A. and {Ford}, E.~B. and {Gilliland}, R.~L. and 
	{Kolbl}, R. and {Star}, K.~M. and {Steffen}, J.~H. and {Torres}, G.
	},
    title = "{Validation of Kepler's Multiple Planet Candidates. II. Refined Statistical Framework and Descriptions of Systems of Special Interest}",
  journal = {\apj},
archivePrefix = "arXiv",
   eprint = {1402.6352},
 primaryClass = "astro-ph.EP",
 keywords = {methods: statistical, planetary systems, stars: individual: Kepler-90 = KOI-351 Kepler-102 = KOI-82 Kepler-122 = KOI-232 Kepler-132 = KOI-284 Kepler-223 = KOI-730 Kepler-238 = KOI-834 Kepler-292 = KOI-1364 Kepler-296 = KOI-1422},
     year = 2014,
    month = mar,
   volume = 784,
      eid = {44},
    pages = {44},
      doi = {10.1088/0004-637X/784/1/44},
   adsurl = {http://adsabs.harvard.edu/abs/2014ApJ...784...44L},
  adsnote = {Provided by the SAO/NASA Astrophysics Data System}
}

@ARTICLE{Kopparapu2013,
   author = {{Kopparapu}, R.~K. and {Ramirez}, R. and {Kasting}, J.~F. and 
	{Eymet}, V. and {Robinson}, T.~D. and {Mahadevan}, S. and {Terrien}, R.~C. and 
	{Domagal-Goldman}, S. and {Meadows}, V. and {Deshpande}, R.},
    title = "{Habitable Zones around Main-sequence Stars: New Estimates}",
  journal = {\apj},
archivePrefix = "arXiv",
   eprint = {1301.6674},
 primaryClass = "astro-ph.EP",
 keywords = {planetary systems },
     year = 2013,
    month = mar,
   volume = 765,
      eid = {131},
    pages = {131},
      doi = {10.1088/0004-637X/765/2/131},
   adsurl = {http://adsabs.harvard.edu/abs/2013ApJ...765..131K},
  adsnote = {Provided by the SAO/NASA Astrophysics Data System}
}

@ARTICLE{Morris2017a,
   author = {{Morris}, B.~M. and {Hebb}, L. and {Davenport}, J.~R.~A. and 
	{Rohn}, G. and {Hawley}, S.~L.},
    title = "{The Starspots of HAT-P-11: Evidence for a Solar-like Dynamo}",
  journal = {\apj},
archivePrefix = "arXiv",
   eprint = {1708.02583},
 primaryClass = "astro-ph.SR",
 keywords = {stars: activity, stars: magnetic field, starspots, sunspots },
     year = 2017,
    month = sep,
   volume = 846,
      eid = {99},
    pages = {99},
      doi = {10.3847/1538-4357/aa8555},
   adsurl = {http://adsabs.harvard.edu/abs/2017ApJ...846...99M},
  adsnote = {Provided by the SAO/NASA Astrophysics Data System}
}

@ARTICLE{Morris2017b,
   author = {{Morris}, B.~M. and {Hawley}, S.~L. and {Hebb}, L. and {Sakari}, C. and 
	{Davenport}, J.~R.~A. and {Isaacson}, H. and {Howard}, A.~W. and 
	{Montet}, B.~T. and {Agol}, E.},
    title = "{Chromospheric Activity of HAT-P-11: An Unusually Active Planet-hosting K Star}",
  journal = {\apj},
archivePrefix = "arXiv",
   eprint = {1709.03913},
 primaryClass = "astro-ph.SR",
 keywords = {methods: observational, planet{\ndash}star interactions, stars: activity, stars: chromospheres, starspots},
     year = 2017,
    month = oct,
   volume = 848,
      eid = {58},
    pages = {58},
      doi = {10.3847/1538-4357/aa8cca},
   adsurl = {http://adsabs.harvard.edu/abs/2017ApJ...848...58M},
  adsnote = {Provided by the SAO/NASA Astrophysics Data System}
}

@ARTICLE{Delrez2018,
   author = {{Delrez}, L. and {Gillon}, M. and {Triaud}, A.~H.~M.~J. and 
	{Demory}, B.-O. and {de Wit}, J. and {Ingalls}, J.~G. and {Agol}, E. and 
	{Bolmont}, E. and {Burdanov}, A. and {Burgasser}, A.~J. and 
	{Carey}, S.~J. and {Jehin}, E. and {Leconte}, J. and {Lederer}, S. and 
	{Queloz}, D. and {Selsis}, F. and {Van Grootel}, V.},
    title = "{Early 2017 observations of TRAPPIST-1 with Spitzer}",
  journal = {\mnras},
archivePrefix = "arXiv",
   eprint = {1801.02554},
 primaryClass = "astro-ph.EP",
 keywords = {planetary systems, stars: individual: TRAPPIST-1, techniques: photometric},
     year = 2018,
    month = jan,
      doi = {10.1093/mnras/sty051},
   adsurl = {http://adsabs.harvard.edu/abs/2018MNRAS.tmp...39D},
  adsnote = {Provided by the SAO/NASA Astrophysics Data System}
}
@ARTICLE{Davenport2014,
   author = {{Davenport}, J.~R.~A. and {Hawley}, S.~L. and {Hebb}, L. and 
	{Wisniewski}, J.~P. and {Kowalski}, A.~F. and {Johnson}, E.~C. and 
	{Malatesta}, M. and {Peraza}, J. and {Keil}, M. and {Silverberg}, S.~M. and 
	{Jansen}, T.~C. and {Scheffler}, M.~S. and {Berdis}, J.~R. and 
	{Larsen}, D.~M. and {Hilton}, E.~J.},
    title = "{Kepler Flares. II. The Temporal Morphology of White-light Flares on GJ 1243}",
  journal = {\apj},
archivePrefix = "arXiv",
   eprint = {1411.3723},
 primaryClass = "astro-ph.SR",
 keywords = {stars: activity, stars: flare, stars: low-mass },
     year = 2014,
    month = dec,
   volume = 797,
      eid = {122},
    pages = {122},
      doi = {10.1088/0004-637X/797/2/122},
   adsurl = {http://adsabs.harvard.edu/abs/2014ApJ...797..122D},
  adsnote = {Provided by the SAO/NASA Astrophysics Data System}
}

@ARTICLE{Mancini2017,
   author = {{Mancini}, L. and {Southworth}, J. and {Raia}, G. and {Tregloan-Reed}, J. and 
	{Molli{\`e}re}, P. and {Bozza}, V. and {Bretton}, M. and {Bruni}, I. and 
	{Ciceri}, S. and {D'Ago}, G. and {Dominik}, M. and {Hinse}, T.~C. and 
	{Hundertmark}, M. and {J{\o}rgensen}, U.~G. and {Korhonen}, H. and 
	{Rabus}, M. and {Rahvar}, S. and {Starkey}, D. and {Calchi Novati}, S. and 
	{Figuera Jaimes}, R. and {Henning}, T. and {Juncher}, D. and 
	{Haugb{\o}lle}, T. and {Kains}, N. and {Popovas}, A. and {Schmidt}, R.~W. and 
	{Skottfelt}, J. and {Snodgrass}, C. and {Surdej}, J. and {Wertz}, O.
	},
    title = "{Orbital alignment and star-spot properties in the WASP-52 planetary system}",
  journal = {\mnras},
archivePrefix = "arXiv",
   eprint = {1608.02001},
 primaryClass = "astro-ph.EP",
 keywords = {techniques: photometric, stars: fundamental parameters, stars: individual: WASP-52, planetary systems},
     year = 2017,
    month = feb,
   volume = 465,
    pages = {843-857},
      doi = {10.1093/mnras/stw1987},
   adsurl = {http://adsabs.harvard.edu/abs/2017MNRAS.465..843M},
  adsnote = {Provided by the SAO/NASA Astrophysics Data System}
}

@misc{luger2017everest,
  author       = {Luger, Rodrigo},
  title        = {{K2 C12 Raw Cadence TPFs for EVEREST TRAPPIST-1 De- 
                   trending}},
  month        = mar,
  year         = 2017,
  doi          = {10.5281/zenodo.437876},
  url          = {https://doi.org/10.5281/zenodo.437876}
}

@ARTICLE{Kowalski2015,
   author = {{Kowalski}, A.~F. and {Hawley}, S.~L. and {Carlsson}, M. and 
	{Allred}, J.~C. and {Uitenbroek}, H. and {Osten}, R.~A. and 
	{Holman}, G.},
    title = "{New Insights into White-Light Flare Emission from Radiative-Hydrodynamic Modeling of a Chromospheric Condensation}",
  journal = {\solphys},
archivePrefix = "arXiv",
   eprint = {1503.07057},
 primaryClass = "astro-ph.SR",
 keywords = {Flares, dynamics, Flares, energetic particles, Flares, impulsive phase, Flares, models, Flares, spectrum, Flares, white-light},
     year = 2015,
    month = dec,
   volume = 290,
    pages = {3487-3523},
      doi = {10.1007/s11207-015-0708-x},
   adsurl = {http://adsabs.harvard.edu/abs/2015SoPh..290.3487K},
  adsnote = {Provided by the SAO/NASA Astrophysics Data System}
}

@article{Morris2018b,
author = {Morris, Brett M and Agol, Eric and Davenport, James R A and Hawley, Suzanne L},
title = {Spotting Stellar Activity Cycles in Gaia Astrometry},
journal = {Monthly Notices of the Royal Astronomical Society},
volume = {},
number = {},
pages = {sty568},
year = {2018},
doi = {10.1093/mnras/sty568},
URL = { + http://dx.doi.org/10.1093/mnras/sty568},
eprint = {/oup/backfile/content_public/journal/mnras/pap/10.1093_mnras_sty568/1/sty568.pdf}
}

@ARTICLE{Morris2018a,
   author = {{Morris}, B.~M. and {Agol}, E. and {Hawley}, S.~L.},
    title = "{Photometric Analysis and Transit Times of TRAPPIST-1 B and C}",
  journal = {Research Notes of the American Astronomical Society},
archivePrefix = "arXiv",
   eprint = {1801.04460},
 primaryClass = "astro-ph.EP",
     year = 2018,
    month = jan,
   volume = 2,
      eid = {10},
    pages = {10},
      doi = {10.3847/2515-5172/aaa6cd},
   adsurl = {http://adsabs.harvard.edu/abs/2018RNAAS...2...10M},
  adsnote = {Provided by the SAO/NASA Astrophysics Data System}
}


@ARTICLE{Foreman-Mackey2017,
   author = {{Foreman-Mackey}, D. and {Agol}, E. and {Ambikasaran}, S. and 
	{Angus}, R.},
    title = "{Fast and Scalable Gaussian Process Modeling with Applications to Astronomical Time Series}",
  journal = {\aj},
archivePrefix = "arXiv",
   eprint = {1703.09710},
 primaryClass = "astro-ph.IM",
 keywords = {asteroseismology, methods: data analysis, methods: statistical, planetary systems, stars: rotation },
     year = 2017,
    month = dec,
   volume = 154,
      eid = {220},
    pages = {220},
      doi = {10.3847/1538-3881/aa9332},
   adsurl = {http://adsabs.harvard.edu/abs/2017AJ....154..220F},
  adsnote = {Provided by the SAO/NASA Astrophysics Data System}
}

@ARTICLE{Ludwig2002,
   author = {{Ludwig}, H.-G. and {Allard}, F. and {Hauschildt}, P.~H.},
    title = "{Numerical simulations of surface convection in a late M-dwarf}",
  journal = {\aap},
   eprint = {astro-ph/0208584},
 keywords = {convection, hydrodynamics, radiative transfer, stars: atmospheres, stars: late-type},
     year = 2002,
    month = nov,
   volume = 395,
    pages = {99-115},
      doi = {10.1051/0004-6361:20021153},
   adsurl = {http://adsabs.harvard.edu/abs/2002A%26A...395...99L},
  adsnote = {Provided by the SAO/NASA Astrophysics Data System}
}

@ARTICLE{Tremblay2013,
   author = {{Tremblay}, P.-E. and {Ludwig}, H.-G. and {Freytag}, B. and 
	{Steffen}, M. and {Caffau}, E.},
    title = "{Granulation properties of giants, dwarfs, and white dwarfs from the CIFIST 3D model atmosphere grid}",
  journal = {\aap},
archivePrefix = "arXiv",
   eprint = {1307.2810},
 primaryClass = "astro-ph.SR",
 keywords = {convection, stars: atmospheres},
     year = 2013,
    month = sep,
   volume = 557,
      eid = {A7},
    pages = {A7},
      doi = {10.1051/0004-6361/201321878},
   adsurl = {http://adsabs.harvard.edu/abs/2013A%26A...557A...7T},
  adsnote = {Provided by the SAO/NASA Astrophysics Data System}
}

@ARTICLE{Trampedach2017,
   author = {{Trampedach}, R. and {Aarslev}, M.~J. and {Houdek}, G. and {Collet}, R. and 
	{Christensen-Dalsgaard}, J. and {Stein}, R.~F. and {Asplund}, M.
	},
    title = "{The asteroseismic surface effect from a grid of 3D convection simulations - I. Frequency shifts from convective expansion of stellar atmospheres}",
  journal = {\mnras},
archivePrefix = "arXiv",
   eprint = {1611.02638},
 primaryClass = "astro-ph.SR",
 keywords = {asteroseismology, convection, stars: atmospheres, stars: evolution, stars: late-type},
     year = 2017,
    month = mar,
   volume = 466,
    pages = {L43-L47},
      doi = {10.1093/mnrasl/slw230},
   adsurl = {http://adsabs.harvard.edu/abs/2017MNRAS.466L..43T},
  adsnote = {Provided by the SAO/NASA Astrophysics Data System}
}

@INPROCEEDINGS{aigrain2003,
   author = {{Aigrain}, S. and {Gilmore}, G. and {Favata}, F. and {Carpano}, S.
	},
    title = "{The Frequency Content of the VIRGO/SoHO Light Curves: Implications for Planetary Transit Detection from Space}",
booktitle = {Scientific Frontiers in Research on Extrasolar Planets},
     year = 2003,
   series = {Astronomical Society of the Pacific Conference Series},
   volume = 294,
   eprint = {astro-ph/0208529},
   editor = {{Deming}, D. and {Seager}, S.},
    pages = {441-444},
   adsurl = {http://adsabs.harvard.edu/abs/2003ASPC..294..441A},
  adsnote = {Provided by the SAO/NASA Astrophysics Data System}
}

@MISC{VanderPlas2016,
   author = {{VanderPlas}, J.},
    title = "{gatspy: General tools for Astronomical Time Series in Python}",
 keywords = {Software },
howpublished = {Astrophysics Source Code Library},
     year = 2016,
    month = oct,
archivePrefix = "ascl",
   eprint = {1610.007},
   adsurl = {http://adsabs.harvard.edu/abs/2016ascl.soft10007V},
  adsnote = {Provided by the SAO/NASA Astrophysics Data System}
}

@ARTICLE{Vida2017,
   author = {{Vida}, K. and {K{\H o}v{\'a}ri}, Z. and {P{\'a}l}, A. and {Ol{\'a}h}, K. and 
	{Kriskovics}, L.},
    title = "{Frequent Flaring in the TRAPPIST-1 System{\mdash}Unsuited for Life?}",
  journal = {\apj},
archivePrefix = "arXiv",
   eprint = {1703.10130},
 primaryClass = "astro-ph.SR",
 keywords = {stars: activity, stars: chromospheres, stars: flare, stars: late-type, stars: low-mass, techniques: photometric },
     year = 2017,
    month = jun,
   volume = 841,
      eid = {124},
    pages = {124},
      doi = {10.3847/1538-4357/aa6f05},
   adsurl = {http://adsabs.harvard.edu/abs/2017ApJ...841..124V},
  adsnote = {Provided by the SAO/NASA Astrophysics Data System}
}

@ARTICLE{Davenport2017,
   author = {{Davenport}, J.~R.~A.},
    title = "{Infrared Flares from M Dwarfs: A Hinderance to Future Transiting Exoplanet Studies}",
  journal = {Research Notes of the American Astronomical Society},
archivePrefix = "arXiv",
   eprint = {1710.09468},
 primaryClass = "astro-ph.SR",
     year = 2017,
    month = dec,
   volume = 1,
      eid = {2},
    pages = {2},
      doi = {10.3847/2515-5172/aa95c3},
   adsurl = {http://adsabs.harvard.edu/abs/2017RNAAS...1....2D},
  adsnote = {Provided by the SAO/NASA Astrophysics Data System}
}

@ARTICLE{Zhang2018,
   author = {{Zhang}, Z. and {Zhou}, Y. and {Rackham}, B. and {Apai}, D.},
    title = "{The Near-Infrared Transmission Spectra of TRAPPIST-1 Planets b, c, d, e, f, and g and Stellar Contamination in Multi-Epoch Transit Spectra}",
  journal = {ArXiv e-prints},
archivePrefix = "arXiv",
   eprint = {1802.02086},
 primaryClass = "astro-ph.EP",
 keywords = {Astrophysics - Earth and Planetary Astrophysics},
     year = 2018,
    month = feb,
   adsurl = {http://adsabs.harvard.edu/abs/2018arXiv180202086Z},
  adsnote = {Provided by the SAO/NASA Astrophysics Data System}
}


@ARTICLE{Morris2018c,
   author = {{Morris}, B.M. and {Agol}, A. and {Davenport}, J.R.A and {Hawley}, S.L.},
    title = "{Possible Bright Starspots on TRAPPIST-1}",
  journal = {\apj},
 keywords = {Astrophysics - Solar and Stellar Astrophysics},
     year = 2018
}

@ARTICLE{Burgasser2017,
   author = {{Burgasser}, A.~J. and {Mamajek}, E.~E.},
    title = "{On the Age of the TRAPPIST-1 System}",
  journal = {\apj},
archivePrefix = "arXiv",
   eprint = {1706.02018},
 primaryClass = "astro-ph.SR",
 keywords = {stars: activity, stars: atmospheres, stars: individual: 2MASS J23062928-0502285, TRAPPIST-1, stars: low-mass },
     year = 2017,
    month = aug,
   volume = 845,
      eid = {110},
    pages = {110},
      doi = {10.3847/1538-4357/aa7fea},
   adsurl = {http://adsabs.harvard.edu/abs/2017ApJ...845..110B},
  adsnote = {Provided by the SAO/NASA Astrophysics Data System}
}

@ARTICLE{Trampedach2013,
   author = {{Trampedach}, R. and {Asplund}, M. and {Collet}, R. and {Nordlund}, {\AA}. and 
	{Stein}, R.~F.},
    title = "{A Grid of Three-dimensional Stellar Atmosphere Models of Solar Metallicity. I. General Properties, Granulation, and Atmospheric Expansion}",
  journal = {\apj},
archivePrefix = "arXiv",
   eprint = {1303.1780},
 primaryClass = "astro-ph.SR",
 keywords = {convection, stars: atmospheres, stars: interiors, stars: late-type },
     year = 2013,
    month = may,
   volume = 769,
      eid = {18},
    pages = {18},
      doi = {10.1088/0004-637X/769/1/18},
   adsurl = {http://adsabs.harvard.edu/abs/2013ApJ...769...18T},
  adsnote = {Provided by the SAO/NASA Astrophysics Data System}
}


@article{Arney2014,
author = {Arney, Giada and Meadows, Victoria and Crisp, David and Schmidt, Sarah J. and Bailey, Jeremy and Robinson, Tyler},
doi = {10.1002/2014JE004662},
issn = {21699097},
journal = {Journal of Geophysical Research: Planets},
number = {8},
pages = {1860--1891},
title = {{Spatially-resolved measurements of H$_2$O, HCl, CO, OCS, SO$_2$ , cloud opacity, and acid concentration in the Venus near-infrared spectral windows}},
url = {http://doi.wiley.com/10.1002/2014JE004662},
volume = {119},
year = {2014}
}

@ARTICLE{Meadows1996,
 author = {{Meadows}, V.~S. and {Crisp}, D.},
 title = {Ground-based near-infrared observations of the {V}enus nightside: The thermal structure and water abundance near the surface},
 journal = {\jgr},
 year = 1996,
 volume = 101,
 pages = {4595--4622},
}

@article{Robinson2011,
author = {Robinson, Tyler D and Meadows, Victoria S and Crisp, David and Deming, Drake and Hearn, Michael F A and Charbonneau, David and Livengood, Timothy A and Seager, Sara and Barry, Richard K and Hearty, Thomas and Hewagama, Tilak and Lisse, Carey M and Mcfadden, Lucy A and Wellnitz, Dennis D},
title = {{Earth as an Extrasolar Planet : Earth Model Validation Using EPOXI Earth Observations}},
journal = {Astrobiology},
year = {2011},
doi = {10.1089/ast.2011.0642},
number = {5}
}

@article{Robinson2018,
 author = {{Robinson},T.~D. and {Crisp}, D.},
 title = "{Linearized Flux Evolution (LiFE): A Technique for Rapidly Adapting Fluxes from Full-Physics Radiative Transfer Models}",
 year = {2018},
 journal = {JSQRT, accepted},
 note = {accepted}
}

@article{Tinetti2005,
archivePrefix = {arXiv},
arxivId = {arXiv:astro-ph/0408372v1},
author = {Tinetti, Giovanna and Meadows, Victoria S and Crisp, David and Fong, William and Velusamy, Thangasamy and Snively, Heather},
doi = {10.1089/ast.2005.5.461},
eprint = {0408372v1},
isbn = {1531-1074},
issn = {1531-1074},
journal = {Astrobiology},
keywords = {Atmosphere,Atmosphere: chemistry,Europe,Exobiology,Extraterrestrial Environment,Mars,Models, Theoretical,Seasons,Spectrum Analysis,Temperature,United States,United States National Aeronautics and Space Admin},
number = {4},
pages = {461--82},
pmid = {16078866},
primaryClass = {arXiv:astro-ph},
title = {{Disk-averaged synthetic spectra of Mars.}},
url = {http://adsabs.harvard.edu/abs/2005AsBio...5..461T},
volume = {5},
year = {2005}
}

@ARTICLE{Batalha2017,
   author = {{Batalha}, N.~E. and {Mandell}, A. and {Pontoppidan}, K. and 
	{Stevenson}, K.~B. and {Lewis}, N.~K. and {Kalirai}, J. and 
	{Earl}, N. and {Greene}, T. and {Albert}, L. and {Nielsen}, L.~D.
	},
    title = "{PandExo: A Community Tool for Transiting Exoplanet Science with JWST {\amp} HST}",
  journal = {\pasp},
archivePrefix = "arXiv",
   eprint = {1702.01820},
 primaryClass = "astro-ph.IM",
     year = 2017,
    month = jun,
   volume = 129,
   number = 6,
    pages = {064501},
      doi = {10.1088/1538-3873/aa65b0},
   adsurl = {http://adsabs.harvard.edu/abs/2017PASP..129f4501B},
  adsnote = {Provided by the SAO/NASA Astrophysics Data System}
}

@INPROCEEDINGS{Pontoppidan2016,
   author = {{Pontoppidan}, K.~M. and {Pickering}, T.~E. and {Laidler}, V.~G. and 
	{Gilbert}, K. and {Sontag}, C.~D. and {Slocum}, C. and {Sienkiewicz}, M.~J. and 
	{Hanley}, C. and {Earl}, N.~M. and {Pueyo}, L. and {Ravindranath}, S. and 
	{Karakla}, D.~M. and {Robberto}, M. and {Noriega-Crespo}, A. and 
	{Barker}, E.~A.},
    title = "{Pandeia: a multi-mission exposure time calculator for JWST and WFIRST}",
booktitle = {Observatory Operations: Strategies, Processes, and Systems VI},
     year = 2016,
   series = {\procspie},
   volume = 9910,
archivePrefix = "arXiv",
   eprint = {1707.02202},
 primaryClass = "astro-ph.IM",
    month = jul,
      eid = {991016},
    pages = {991016},
      doi = {10.1117/12.2231768},
   adsurl = {http://adsabs.harvard.edu/abs/2016SPIE.9910E..16P},
  adsnote = {Provided by the SAO/NASA Astrophysics Data System}
}

@ARTICLE{Seager2007,
   author = {{Seager}, S. and {Kuchner}, M. and {Hier-Majumder}, C.~A. and 
	{Militzer}, B.},
    title = "{Mass-Radius Relationships for Solid Exoplanets}",
  journal = {\apj},
archivePrefix = "arXiv",
   eprint = {0707.2895},
 keywords = {Equation of State, Stars: Planetary Systems, Planets and Satellites: General},
     year = 2007,
    month = nov,
   volume = 669,
    pages = {1279-1297},
      doi = {10.1086/521346},
   adsurl = {http://adsabs.harvard.edu/abs/2007ApJ...669.1279S},
  adsnote = {Provided by the SAO/NASA Astrophysics Data System}
}

@ARTICLE{Batalha2018,
   author = {{Batalha}, N.~E. and {Lewis}, N.~K. and {Line}, M.~R. and {Valenti}, J. and 
	{Stevenson}, K.},
    title = "{Strategies for Constraining the Atmospheres of Temperate Terrestrial Planets with JWST}",
  journal = {ArXiv e-prints},
archivePrefix = "arXiv",
   eprint = {1803.07983},
 primaryClass = "astro-ph.EP",
 keywords = {Astrophysics - Earth and Planetary Astrophysics},
     year = 2018,
    month = mar,
   adsurl = {http://adsabs.harvard.edu/abs/2018arXiv180307983B},
  adsnote = {Provided by the SAO/NASA Astrophysics Data System}
}

@article{Borucki2013a,
archivePrefix = {arXiv},
arxivId = {1304.7387},
author = {Borucki, William J. and Agol, Eric and Fressin, Francois and Kaltenegger, Lisa and Rowe, Jason and Isaacson, Howard and Fischer, Debra and Batalha, Natalie and Lissauer, Jack J. and Marcy, Geoffrey W. and Fabrycky, Daniel and D{\'{e}}sert, Jean Michel and Bryson, Stephen T. and Barclay, Thomas and Bastien, Fabienne and Boss, Alan and Brugamyer, Erik and Buchhave, Lars A. and Burke, Chris and Caldwell, Douglas A. and Carter, Josh and Charbonneau, David and Crepp, Justin R. and Christensen-Dalsgaard, Jr{\o}gen and Christiansen, Jessie L. and Ciardi, David and Cochran, William D. and DeVore, Edna and Doyle, Laurance and Dupree, Andrea K. and Endl, Michael and Everett, Mark E. and Ford, Eric B. and Fortney, Jonathan and Gautier, Thomas N. and Geary, John C. and Gould, Alan and Haas, Michael and Henze, Christopher and Howard, Andrew W. and Howell, Steve B. and Huber, Daniel and Jenkins, Jon M. and Kjeldsen, Hans and Kolbl, Rea and Kolodziejczak, Jeffery and Latham, David W. and Lee, Brian L. and Lopez, Eric and Mullally, Fergal and Orosz, Jerome A. and Prsa, Andrej and Quintana, Elisa V. and Sanchis-Ojeda, Roberto and Sasselov, Dimitar and Seader, Shawn and Shporer, Avi and Steffen, Jason H. and Still, Martin and Tenenbaum, Peter and Thompson, Susan E. and Torres, Guillermo and Twicken, Joseph D. and Welsh, William F. and Winn, Joshua N.},
doi = {10.1126/science.1234702},
eprint = {1304.7387},
file = {:Users/tgordon/Library/Application Support/Mendeley Desktop/Downloaded/Unknown - 2013 - Kepler-62 A Five-Planet System with Planets of 1.4 and 1.6 Earth Radii in the Habitable Zone.pdf:pdf},
isbn = {0036-8075},
issn = {10959203},
journal = {Science (80-. ).},
mendeley-groups = {morris2018},
number = {6132},
pages = {587--590},
pmid = {23599262},
title = {{Kepler-62: A five-planet system with planets of 1.4 and 1.6 Earth radii in the habitable zone}},
url = {http://science.sciencemag.org/content/sci/340/6132/587.full.pdf},
volume = {340},
year = {2013}
}

@article{Sasaki2014,
author = {Sasaki, Takashi and Barnes, Jason W},
doi = {10.1017/S1473550414000184},
file = {:Users/tgordon/Library/Application Support/Mendeley Desktop/Downloaded/Sasaki, Barnes - Unknown - Longevity of moons around habitable planets.pdf:pdf},
isbn = {1475-3006},
issn = {14753006},
journal = {Int. J. Astrobiol.},
keywords = {exomoon,exoplanet,planetary systems},
mendeley-groups = {morris2018},
number = {4},
pages = {324--336},
title = {{Longevity of moons around habitable planets}},
url = {https://www.cambridge.org/core/services/aop-cambridge-core/content/view/1F08D00B87F4C1282A0C7369B1961318/S1473550414000184a.pdf/longevity{\_}of{\_}moons{\_}around{\_}habitable{\_}planets.pdf},
volume = {13},
year = {2014}
}

@article{Piro2018,
archivePrefix = {arXiv},
arxivId = {1803.01971},
author = {Piro, Anthony L},
eprint = {1803.01971},
file = {:Users/tgordon/Library/Application Support/Mendeley Desktop/Downloaded/Piro - Unknown - Submitted for publication in The Astrophysical Journal EXOPLANETS TORQUED BY THE COMBINED TIDES OF A MOON AND PARENT ST.pdf:pdf},
keywords = {Subject headings,general},
mendeley-groups = {morris2018},
title = {{Exoplanets Torqued by the Combined Tides of a Moon and Parent Star}},
url = {https://arxiv.org/pdf/1803.01971.pdf http://arxiv.org/abs/1803.01971},
year = {2018}
}

@article{Heller2012,
archivePrefix = {arXiv},
arxivId = {arXiv:1209.0050v1},
author = {Heller, R},
doi = {10.1051/0004-6361/201220003},
eprint = {arXiv:1209.0050v1},
file = {:Users/tgordon/Library/Application Support/Mendeley Desktop/Downloaded/Heller - 2012 - Exomoon habitability constrained by energy flux and orbital stability.pdf:pdf},
isbn = {doi:10.1051/0004-6361/201220003},
issn = {0004-6361},
journal = {Astron. Astrophys.},
keywords = {dynamical evolution and stability},
mendeley-groups = {morris2018},
pages = {L8},
title = {{Exomoon habitability constrained by energy flux and orbital stability}},
url = {https://www.aanda.org/articles/aa/pdf/2012/09/aa20003-12.pdf http://www.aanda.org/10.1051/0004-6361/201220003},
volume = {545},
year = {2012}
}

@article{Heller2011,
author = {Heller, R and Leconte, J and Barnes, R},
doi = {10.1051/0004-6361/201015809},
file = {:Users/tgordon/Library/Application Support/Mendeley Desktop/Downloaded/Heller, Leconte, Barnes - 2011 - Astronomy {\&}amp Astrophysics Tidal obliquity evolution of potentially habitable planets.pdf:pdf},
journal = {A{\&}A},
keywords = {low-mass – planets and satellites,planets and satellites,tectonics},
mendeley-groups = {morris2018},
title = {{Tidal obliquity evolution of potentially habitable planets}},
url = {https://www.aanda.org/articles/aa/pdf/2011/04/aa15809-10.pdf},
volume = {528},
year = {2011}
}

@article{Weiss2014,
  doi = {10.1088/2041-8205/783/1/l6},
  url = {https://doi.org/10.1088/2041-8205/783/1/l6},
  year  = {2014},
  month = {feb},
  publisher = {{IOP} Publishing},
  volume = {783},
  number = {1},
  pages = {L6},
  author = {Lauren M. Weiss and Geoffrey W. Marcy},
  title = {{THE} {MASS}-{RADIUS} {RELATION} {FOR} 65 {EXOPLANETS} {SMALLER} {THAN} 4 {EARTH} {RADII}},
  journal = {The Astrophysical Journal}
}


@article{Marcy2014,
  doi = {10.1088/0067-0049/210/2/20},
  url = {https://doi.org/10.1088/0067-0049/210/2/20},
  year  = {2014},
  month = {jan},
  publisher = {{IOP} Publishing},
  volume = {210},
  number = {2},
  pages = {20},
  author = {Geoffrey W. Marcy and Howard Isaacson and Andrew W. Howard and Jason F. Rowe and Jon M. Jenkins and Stephen T. Bryson and David W. Latham and Steve B. Howell and Thomas N. Gautier and Natalie M. Batalha and Leslie Rogers and David Ciardi and Debra A. Fischer and Ronald L. Gilliland and Hans Kjeldsen and J{\o}rgen Christensen-Dalsgaard and Daniel Huber and William J. Chaplin and Sarbani Basu and Lars A. Buchhave and Samuel N. Quinn and William J. Borucki and David G. Koch and Roger Hunter and Douglas A. Caldwell and Jeffrey Van Cleve and Rea Kolbl and Lauren M. Weiss and Erik Petigura and Sara Seager and Timothy Morton and John Asher Johnson and Sarah Ballard and Chris Burke and William D. Cochran and Michael Endl and Phillip MacQueen and Mark E. Everett and Jack J. Lissauer and Eric B. Ford and Guillermo Torres and Francois Fressin and Timothy M. Brown and Jason H. Steffen and David Charbonneau and Gibor S. Basri and Dimitar D. Sasselov and Joshua Winn and Roberto Sanchis-Ojeda and Jessie Christiansen and Elisabeth Adams and Christopher Henze and Andrea Dupree and Daniel C. Fabrycky and Jonathan J. Fortney and Jill Tarter and Matthew J. Holman and Peter Tenenbaum and Avi Shporer and Philip W. Lucas and William F. Welsh and Jerome A. Orosz and T. R. Bedding and T. L. Campante and G. R. Davies and Y. Elsworth and R. Handberg and S. Hekker and C. Karoff and S. D. Kawaler and M. N. Lund and M. Lundkvist and T. S. Metcalfe and A. Miglio and V. Silva Aguirre and D. Stello and T. R. White and Alan Boss and Edna Devore and Alan Gould and Andrej Prsa and Eric Agol and Thomas Barclay and Jeff Coughlin and Erik Brugamyer and Fergal Mullally and Elisa V. Quintana and Martin Still and Susan E. Thompson and David Morrison and Joseph D. Twicken and Jean-Michel D{\'{e}}sert and Josh Carter and Justin R. Crepp and Guillaume H{\'{e}}brard and Alexandre Santerne and Claire Moutou and Charlie Sobeck and Douglas Hudgins and Michael R. Haas and Paul Robertson and Jorge Lillo-Box and David Barrado},
  title = {{MASSES},  {RADII},  {AND} {ORBITS} {OF} {SMALLKEPLERPLANETS}: {THE} {TRANSITION} {FROM} {GASEOUS} {TO} {ROCKY} {PLANETS}},
  journal = {The Astrophysical Journal Supplement Series}
}


@article{Rogers2015,
  doi = {10.1088/0004-637x/801/1/41},
  url = {https://doi.org/10.1088/0004-637x/801/1/41},
  year  = {2015},
  month = {mar},
  publisher = {{IOP} Publishing},
  volume = {801},
  number = {1},
  pages = {41},
  author = {Leslie A. Rogers},
  title = {{MOST}1.6 {EARTH}-{RADIUS} {PLANETS} {ARE} {NOT} {ROCKY}},
  journal = {The Astrophysical Journal}
}

@article{Fulton2017,
  doi = {10.3847/1538-3881/aa80eb},
  url = {https://doi.org/10.3847/1538-3881/aa80eb},
  year  = {2017},
  month = {aug},
  publisher = {American Astronomical Society},
  volume = {154},
  number = {3},
  pages = {109},
  author = {Benjamin J. Fulton and Erik A. Petigura and Andrew W. Howard and Howard Isaacson and Geoffrey W. Marcy and Phillip A. Cargile and Leslie Hebb and Lauren M. Weiss and John Asher Johnson and Timothy D. Morton and Evan Sinukoff and Ian J. M. Crossfield and Lea A. Hirsch},
  title = {The California-Kepler Survey. {III}. A Gap in the Radius Distribution of Small Planets},
  journal = {The Astronomical Journal}
}
@ARTICLE{Luger2017b,
   author = {{Luger}, R. and {Lustig-Yaeger}, J. and {Agol}, E.},
    title = "{Planet{\ndash}Planet Occultations in TRAPPIST-1 and Other Exoplanet Systems}",
  journal = {\apj},
archivePrefix = "arXiv",
   eprint = {1711.05739},
 primaryClass = "astro-ph.EP",
 keywords = {planets and satellites: atmospheres, planets and satellites: detection, planets and satellites: fundamental parameters, techniques: photometric },
     year = 2017,
    month = dec,
   volume = 851,
      eid = {94},
    pages = {94},
      doi = {10.3847/1538-4357/aa9c43},
   adsurl = {http://adsabs.harvard.edu/abs/2017ApJ...851...94L},
  adsnote = {Provided by the SAO/NASA Astrophysics Data System}
}

@ARTICLE{Berger2018,
   author = {{Berger}, T.~A. and {Huber}, D. and {Gaidos}, E. and {van Saders}, J.~L.
	},
    title = "{Revised Radii of Kepler Stars and Planets Using Gaia Data Release 2}",
  journal = {\apj},
archivePrefix = "arXiv",
   eprint = {1805.00231},
 primaryClass = "astro-ph.EP",
 keywords = {catalogs, planetary systems, stars: fundamental parameters, techniques: photometric },
     year = 2018,
    month = oct,
   volume = 866,
      eid = {99},
    pages = {99},
      doi = {10.3847/1538-4357/aada83},
   adsurl = {http://adsabs.harvard.edu/abs/2018ApJ...866...99B},
  adsnote = {Provided by the SAO/NASA Astrophysics Data System}
}
@ARTICLE{Lincowski2018,
       author = {{Lincowski}, Andrew P. and {Meadows}, Victoria S. and {Crisp}, David and
        {Robinson}, Tyler D. and {Luger}, Rodrigo and {Lustig-Yaeger},
        Jacob and {Arney}, Giada N.},
        title = "{Evolved Climates and Observational Discriminants for the TRAPPIST-1
        Planetary System}",
      journal = {\apj},
     keywords = {planets and satellites: atmospheres, planets and satellites: detection,
        planets and satellites: individual: TRAPPIST-1, planets and
        satellites: terrestrial planets, Astrophysics - Earth and
        Planetary Astrophysics},
         year = 2018,
        month = Nov,
       volume = {867},
          eid = {76},
        pages = {76},
          doi = {10.3847/1538-4357/aae36a},
 primaryClass = {astro-ph.EP},
       adsurl = {https://ui.adsabs.harvard.edu/#abs/2018ApJ...867...76L},
      adsnote = {Provided by the SAO/NASA Astrophysics Data System}
}


@ARTICLE{Gladman1993,
   author = {{Gladman}, B.},
    title = "{Dynamics of systems of two close planets}",
  journal = {\icarus},
 keywords = {Protoplanets, Planetary Evolution, Planetary Mass, Eccentric Orbits, Chaos, Embryos, Solar System, Pulsars},
     year = 1993,
    month = nov,
   volume = 106,
    pages = {247},
      doi = {10.1006/icar.1993.1169},
   adsurl = {http://adsabs.harvard.edu/abs/1993Icar..106..247G},
  adsnote = {Provided by the SAO/NASA Astrophysics Data System}
}

@ARTICLE{Grimm2018,
       author = {{Grimm}, Simon L. and {Demory}, Brice-Olivier and {Gillon}, Micha{\"e}l
        and {Dorn}, Caroline and {Agol}, Eric and {Burdanov}, Artem and
        {Delrez}, Laetitia and {Sestovic}, Marko and {Triaud}, Amaury
        H.~M.~J. and {Turbet}, Martin and {Bolmont}, {\'E}meline and
        {Caldas}, Anthony and {Wit}, Julien de and {Jehin}, Emmanu{\"e}l
        and {Leconte}, J{\'e}r{\'e}my and {Raymond}, Sean N. and
        {Grootel}, Val{\'e}rie Van and {Burgasser}, Adam J. and {Carey},
        Sean and {Fabrycky}, Daniel and {Heng}, Kevin and {Hernandez},
        David M. and {Ingalls}, James G. and {Lederer}, Susan and
        {Selsis}, Franck and {Queloz}, Didier},
        title = "{The nature of the TRAPPIST-1 exoplanets}",
      journal = {\aap},
     keywords = {methods: numerical, planets and satellites: detection, planets and
        satellites: individual: TRAPPIST-1, Astrophysics - Earth and
        Planetary Astrophysics},
         year = 2018,
        month = Jun,
       volume = {613},
          eid = {A68},
        pages = {A68},
          doi = {10.1051/0004-6361/201732233},
 primaryClass = {astro-ph.EP},
       adsurl = {https://ui.adsabs.harvard.edu/#abs/2018A&A...613A..68G},
      adsnote = {Provided by the SAO/NASA Astrophysics Data System}
}


@ARTICLE{Astropy2018,
   author = {{The Astropy Collaboration} and {Price-Whelan}, A.~M. and {Sip{\H o}cz}, B.~M. and
   {G{\"u}nther}, H.~M. and {Lim}, P.~L. and {Crawford}, S.~M. and
   {Conseil}, S. and {Shupe}, D.~L. and {Craig}, M.~W. and {Dencheva}, N. and
   {Ginsburg}, A. and {VanderPlas}, J.~T. and {Bradley}, L.~D. and
   {P{\'e}rez-Su{\'a}rez}, D. and {de Val-Borro}, M. and {Aldcroft}, T.~L. and
   {Cruz}, K.~L. and {Robitaille}, T.~P. and {Tollerud}, E.~J. and
   {Ardelean}, C. and {Babej}, T. and {Bachetti}, M. and {Bakanov}, A.~V. and
   {Bamford}, S.~P. and {Barentsen}, G. and {Barmby}, P. and {Baumbach}, A. and
   {Berry}, K.~L. and {Biscani}, F. and {Boquien}, M. and {Bostroem}, K.~A. and
   {Bouma}, L.~G. and {Brammer}, G.~B. and {Bray}, E.~M. and {Breytenbach}, H. and
   {Buddelmeijer}, H. and {Burke}, D.~J. and {Calderone}, G. and
   {Cano Rodr{\'{\i}}guez}, J.~L. and {Cara}, M. and {Cardoso}, J.~V.~M. and
   {Cheedella}, S. and {Copin}, Y. and {Crichton}, D. and {D{\'A}vella}, D. and
   {Deil}, C. and {Depagne}, {\'E}. and {Dietrich}, J.~P. and {Donath}, A. and
   {Droettboom}, M. and {Earl}, N. and {Erben}, T. and {Fabbro}, S. and
   {Ferreira}, L.~A. and {Finethy}, T. and {Fox}, R.~T. and {Garrison}, L.~H. and
   {Gibbons}, S.~L.~J. and {Goldstein}, D.~A. and {Gommers}, R. and
   {Greco}, J.~P. and {Greenfield}, P. and {Groener}, A.~M. and
   {Grollier}, F. and {Hagen}, A. and {Hirst}, P. and {Homeier}, D. and
   {Horton}, A.~J. and {Hosseinzadeh}, G. and {Hu}, L. and {Hunkeler}, J.~S. and
   {Ivezi{\'c}}, {\v Z}. and {Jain}, A. and {Jenness}, T. and {Kanarek}, G. and
   {Kendrew}, S. and {Kern}, N.~S. and {Kerzendorf}, W.~E. and
   {Khvalko}, A. and {King}, J. and {Kirkby}, D. and {Kulkarni}, A.~M. and
   {Kumar}, A. and {Lee}, A. and {Lenz}, D. and {Littlefair}, S.~P. and
   {Ma}, Z. and {Macleod}, D.~M. and {Mastropietro}, M. and {McCully}, C. and
   {Montagnac}, S. and {Morris}, B.~M. and {Mueller}, M. and {Mumford}, S.~J. and
   {Muna}, D. and {Murphy}, N.~A. and {Nelson}, S. and {Nguyen}, G.~H. and
   {Ninan}, J.~P. and {N{\"o}the}, M. and {Ogaz}, S. and {Oh}, S. and
   {Parejko}, J.~K. and {Parley}, N. and {Pascual}, S. and {Patil}, R. and
   {Patil}, A.~A. and {Plunkett}, A.~L. and {Prochaska}, J.~X. and
   {Rastogi}, T. and {Reddy Janga}, V. and {Sabater}, J. and {Sakurikar}, P. and
   {Seifert}, M. and {Sherbert}, L.~E. and {Sherwood-Taylor}, H. and
   {Shih}, A.~Y. and {Sick}, J. and {Silbiger}, M.~T. and {Singanamalla}, S. and
   {Singer}, L.~P. and {Sladen}, P.~H. and {Sooley}, K.~A. and
   {Sornarajah}, S. and {Streicher}, O. and {Teuben}, P. and {Thomas}, S.~W. and
   {Tremblay}, G.~R. and {Turner}, J.~E.~H. and {Terr{\'o}n}, V. and
   {van Kerkwijk}, M.~H. and {de la Vega}, A. and {Watkins}, L.~L. and
   {Weaver}, B.~A. and {Whitmore}, J.~B. and {Woillez}, J. and
   {Zabalza}, V.},
    title = "{The Astropy Project: Building an inclusive, open-science project and status of the v2.0 core package}",
  journal = {ArXiv e-prints},
archivePrefix = "arXiv",
   eprint = {1801.02634},
 primaryClass = "astro-ph.IM",
 keywords = {Astrophysics - Instrumentation and Methods for Astrophysics},
     year = 2018,
    month = jan,
   adsurl = {http://adsabs.harvard.edu/abs/2018arXiv180102634T},
  adsnote = {Provided by the SAO/NASA Astrophysics Data System}
}
@ARTICLE{Wakeford2019,
   author = {{Wakeford}, H.~R. and {Lewis}, N.~K. and {Fowler}, J. and {Bruno}, G. and 
	{Wilson}, T.~J. and {Moran}, S.~E. and {Valenti}, J. and {Batalha}, N.~E. and 
	{Filippazzo}, J. and {Bourrier}, V. and {H{\"o}rst}, S.~M. and 
	{Lederer}, S.~M. and {de Wit}, J.},
    title = "{Disentangling the Planet from the Star in Late-Type M Dwarfs: A Case Study of TRAPPIST-1g}",
  journal = {\aj},
archivePrefix = "arXiv",
   eprint = {1811.04877},
 primaryClass = "astro-ph.EP",
 keywords = {planets and satellites: atmospheres, stars: activity },
     year = 2019,
    month = jan,
   volume = 157,
      eid = {11},
    pages = {11},
      doi = {10.3847/1538-3881/aaf04d},
   adsurl = {http://adsabs.harvard.edu/abs/2019AJ....157...11W},
  adsnote = {Provided by the SAO/NASA Astrophysics Data System}
}
