@ARTICLE{Mayor1995,
   author = {{Mayor}, M. and {Queloz}, D.},
    title = "{A Jupiter-mass companion to a solar-type star}",
  journal = {\nat},
     year = 1995,
    month = nov,
   volume = 378,
    pages = {355-359},
      doi = {10.1038/378355a0},
   adsurl = {http://adsabs.harvard.edu/abs/1995Natur.378..355M},
  adsnote = {Provided by the SAO/NASA Astrophysics Data System}
}

@ARTICLE{Hayakawa2017,
   author = {{Hayakawa}, H. and {Tamazawa}, H. and {Ebihara}, Y. and {Miyahara}, H. and 
	{Kawamura}, A.~D. and {Aoyama}, T. and {Isobe}, H.},
    title = "{Records of sunspots and aurora candidates in the Chinese official histories of the Yu{\'a}n and M{\'{\i}}ng dynasties during 1261-1644}",
  journal = {\pasj},
archivePrefix = "arXiv",
   eprint = {1705.02238},
 primaryClass = "astro-ph.SR",
 keywords = {history and philosophy of astronomy, planets and satellites: aurorae, solar-terrestrial relations, Sun: activity, sunspots},
     year = 2017,
    month = aug,
   volume = 69,
      eid = {65},
    pages = {65},
      doi = {10.1093/pasj/psx045},
   adsurl = {http://adsabs.harvard.edu/abs/2017PASJ...69...65H},
  adsnote = {Provided by the SAO/NASA Astrophysics Data System}
}

@ARTICLE{Solanki2003,
   author = {{Solanki}, S.~K.},
    title = "{Sunspots: An overview}",
  journal = {\aapr},
 keywords = {Sunspots, Sun: magnetic field, Sun: active regions, Sun: activity},
     year = 2003,
   volume = 11,
    pages = {153-286},
      doi = {10.1007/s00159-003-0018-4},
   adsurl = {http://adsabs.harvard.edu/abs/2003A%26ARv..11..153S},
  adsnote = {Provided by the SAO/NASA Astrophysics Data System}
}

@BOOK{Copernicus1543,
   author = {{Copernicus}, N.},
    title = "{Nicolai Copernici Torinensis de revolutionibus orbium coelestium Libri VI}",
booktitle = {Nicolai Copernici Torinensis de revolutionibus orbium coelestium, Libri VI, by Copernicus, Nicolaus, 1543.},
     year = 1543,
      doi = {10.3931/e-rara-420},
   adsurl = {http://adsabs.harvard.edu/abs/1543nctd.book.....C},
  adsnote = {Provided by the SAO/NASA Astrophysics Data System}
}

@ARTICLE{McQuillan2013,
   author = {{McQuillan}, A. and {Mazeh}, T. and {Aigrain}, S.},
    title = "{Stellar Rotation Periods of the Kepler Objects of Interest: A Dearth of Close-in Planets around Fast Rotators}",
  journal = {\apjl},
archivePrefix = "arXiv",
   eprint = {1308.1845},
 primaryClass = "astro-ph.EP",
 keywords = {methods: observational, planets and satellites: dynamical evolution and stability, planet-star interactions, stars: rotation },
     year = 2013,
    month = sep,
   volume = 775,
      eid = {L11},
    pages = {L11},
      doi = {10.1088/2041-8205/775/1/L11},
   adsurl = {http://adsabs.harvard.edu/abs/2013ApJ...775L..11M},
  adsnote = {Provided by the SAO/NASA Astrophysics Data System}
}

@ARTICLE{Dressing2013,
   author = {{Dressing}, C.~D. and {Charbonneau}, D.},
    title = "{The Occurrence Rate of Small Planets around Small Stars}",
  journal = {\apj},
archivePrefix = "arXiv",
   eprint = {1302.1647},
 primaryClass = "astro-ph.EP",
 keywords = {catalogs, methods: data analysis, planetary systems, stars: low-mass, surveys, techniques: photometric },
     year = 2013,
    month = apr,
   volume = 767,
      eid = {95},
    pages = {95},
      doi = {10.1088/0004-637X/767/1/95},
   adsurl = {http://adsabs.harvard.edu/abs/2013ApJ...767...95D},
  adsnote = {Provided by the SAO/NASA Astrophysics Data System}
}

@ARTICLE{Burke2015,
   author = {{Burke}, C.~J. and {Christiansen}, J.~L. and {Mullally}, F. and 
	{Seader}, S. and {Huber}, D. and {Rowe}, J.~F. and {Coughlin}, J.~L. and 
	{Thompson}, S.~E. and {Catanzarite}, J. and {Clarke}, B.~D. and 
	{Morton}, T.~D. and {Caldwell}, D.~A. and {Bryson}, S.~T. and 
	{Haas}, M.~R. and {Batalha}, N.~M. and {Jenkins}, J.~M. and 
	{Tenenbaum}, P. and {Twicken}, J.~D. and {Li}, J. and {Quintana}, E. and 
	{Barclay}, T. and {Henze}, C.~E. and {Borucki}, W.~J. and {Howell}, S.~B. and 
	{Still}, M.},
    title = "{Terrestrial Planet Occurrence Rates for the Kepler GK Dwarf Sample}",
  journal = {\apj},
archivePrefix = "arXiv",
   eprint = {1506.04175},
 primaryClass = "astro-ph.EP",
 keywords = {catalogs, eclipses, methods: statistical, planetary systems, space vehicles, surveys},
     year = 2015,
    month = aug,
   volume = 809,
      eid = {8},
    pages = {8},
      doi = {10.1088/0004-637X/809/1/8},
   adsurl = {http://adsabs.harvard.edu/abs/2015ApJ...809....8B},
  adsnote = {Provided by the SAO/NASA Astrophysics Data System}
}

@ARTICLE{Coughlin2016,
   author = {{Coughlin}, J.~L. and {Mullally}, F. and {Thompson}, S.~E. and 
	{Rowe}, J.~F. and {Burke}, C.~J. and {Latham}, D.~W. and {Batalha}, N.~M. and 
	{Ofir}, A. and {Quarles}, B.~L. and {Henze}, C.~E. and {Wolfgang}, A. and 
	{Caldwell}, D.~A. and {Bryson}, S.~T. and {Shporer}, A. and 
	{Catanzarite}, J. and {Akeson}, R. and {Barclay}, T. and {Borucki}, W.~J. and 
	{Boyajian}, T.~S. and {Campbell}, J.~R. and {Christiansen}, J.~L. and 
	{Girouard}, F.~R. and {Haas}, M.~R. and {Howell}, S.~B. and 
	{Huber}, D. and {Jenkins}, J.~M. and {Li}, J. and {Patil-Sabale}, A. and 
	{Quintana}, E.~V. and {Ramirez}, S. and {Seader}, S. and {Smith}, J.~C. and 
	{Tenenbaum}, P. and {Twicken}, J.~D. and {Zamudio}, K.~A.},
    title = "{Planetary Candidates Observed by Kepler. VII. The First Fully Uniform Catalog Based on the Entire 48-month Data Set (Q1-Q17 DR24)}",
  journal = {\apjs},
archivePrefix = "arXiv",
   eprint = {1512.06149},
 primaryClass = "astro-ph.EP",
 keywords = {catalogs, planetary systems, planets and satellites: detection, stars: statistics, surveys, techniques: photometric},
     year = 2016,
    month = may,
   volume = 224,
      eid = {12},
    pages = {12},
      doi = {10.3847/0067-0049/224/1/12},
   adsurl = {http://adsabs.harvard.edu/abs/2016ApJS..224...12C},
  adsnote = {Provided by the SAO/NASA Astrophysics Data System}
}

@ARTICLE{Walkowicz2013,
   author = {{Walkowicz}, L.~M. and {Basri}, G.~S.},
    title = "{Rotation periods, variability properties and ages for Kepler exoplanet candidate host stars}",
  journal = {\mnras},
archivePrefix = "arXiv",
   eprint = {1309.2159},
 primaryClass = "astro-ph.SR",
 keywords = {stars: activity, planetary systems, stars: rotation},
     year = 2013,
    month = dec,
   volume = 436,
    pages = {1883-1895},
      doi = {10.1093/mnras/stt1700},
   adsurl = {http://adsabs.harvard.edu/abs/2013MNRAS.436.1883W},
  adsnote = {Provided by the SAO/NASA Astrophysics Data System}
}

@ARTICLE{Giles2017,
   author = {{Giles}, H.~A.~C. and {Collier Cameron}, A. and {Haywood}, R.~D.
	},
    title = "{A Kepler study of starspot lifetimes with respect to light-curve amplitude and spectral type}",
  journal = {\mnras},
archivePrefix = "arXiv",
   eprint = {1707.08583},
 primaryClass = "astro-ph.SR",
 keywords = {techniques: photometric, stars: activity, stars: rotation, starspots.},
     year = 2017,
    month = dec,
   volume = 472,
    pages = {1618-1627},
      doi = {10.1093/mnras/stx1931},
   adsurl = {http://adsabs.harvard.edu/abs/2017MNRAS.472.1618G},
  adsnote = {Provided by the SAO/NASA Astrophysics Data System}
}

@ARTICLE{Holman2005,
   author = {{Holman}, M.~J. and {Murray}, N.~W.},
    title = "{The Use of Transit Timing to Detect Terrestrial-Mass Extrasolar Planets}",
  journal = {Science},
   eprint = {astro-ph/0412028},
     year = 2005,
    month = feb,
   volume = 307,
    pages = {1288-1291},
      doi = {10.1126/science.1107822},
   adsurl = {http://adsabs.harvard.edu/abs/2005Sci...307.1288H},
  adsnote = {Provided by the SAO/NASA Astrophysics Data System}
}

@ARTICLE{Agol2005,
   author = {{Agol}, E. and {Steffen}, J. and {Sari}, R. and {Clarkson}, W.
	},
    title = "{On detecting terrestrial planets with timing of giant planet transits}",
  journal = {\mnras},
   eprint = {astro-ph/0412032},
 keywords = {eclipses, planetary systems, extrasolar planets, transiting planets, planetary dynamics},
     year = 2005,
    month = may,
   volume = 359,
    pages = {567-579},
      doi = {10.1111/j.1365-2966.2005.08922.x},
   adsurl = {http://adsabs.harvard.edu/abs/2005MNRAS.359..567A},
  adsnote = {Provided by the SAO/NASA Astrophysics Data System}
}

@ARTICLE{Vogt1983,
   author = {{Vogt}, S.~S. and {Penrod}, G.~D.},
    title = "{Doppler Imaging of spotted stars - Application to the RS Canum Venaticorum star HR 1099}",
  journal = {\pasp},
 keywords = {Binary Stars, Imaging Techniques, Starspots, Coronal Holes, Doppler Effect, Line Spectra, Mapping, Stellar Rotation},
     year = 1983,
    month = sep,
   volume = 95,
    pages = {565-576},
      doi = {10.1086/131208},
   adsurl = {http://adsabs.harvard.edu/abs/1983PASP...95..565V},
  adsnote = {Provided by the SAO/NASA Astrophysics Data System}
}

@ARTICLE{Strassmeier2002,
   author = {{Strassmeier}, K.~G.},
    title = "{Doppler images of starspots}",
  journal = {Astronomische Nachrichten},
 keywords = {stars: spots, Doppler imaging, techniques: spectroscopic, stars:  activity},
     year = 2002,
    month = jul,
   volume = 323,
    pages = {309-316},
      doi = {10.1002/1521-3994(200208)323:3/4<309::AID-ASNA309>3.0.CO;2-U},
   adsurl = {http://adsabs.harvard.edu/abs/2002AN....323..309S},
  adsnote = {Provided by the SAO/NASA Astrophysics Data System}
}

@ARTICLE{Barnes2001,
   author = {{Barnes}, J.~R. and {Collier Cameron}, A.},
    title = "{Starspot patterns on the M dwarfs HK Aqr and RE 1816 +541}",
  journal = {\mnras},
 keywords = {LINE: PROFILES, METHODS: DATA ANALYSIS, STARS: ACTIVITY, STARS: IMAGING, STARS: LATE-TYPE, STARS: SPOTS},
     year = 2001,
    month = sep,
   volume = 326,
    pages = {950-958},
      doi = {10.1046/j.1365-8711.2001.04649.x},
   adsurl = {http://adsabs.harvard.edu/abs/2001MNRAS.326..950B},
  adsnote = {Provided by the SAO/NASA Astrophysics Data System}
}




@ARTICLE{oneal1996,
   author = {{O'Neal}, D. and {Saar}, S.~H. and {Neff}, J.~E.},
    title = "{Measurements of Starspot Area and Temperature on Five Active, Evolved Stars}",
  journal = {\apj},
 keywords = {STARS: ACTIVITY, STARS: ATMOSPHERES, TECHNIQUES: SPECTROSCOPIC, STARS: LATE-TYPE, STARS: MAGNETIC FIELDS},
     year = 1996,
    month = jun,
   volume = 463,
    pages = {766},
      doi = {10.1086/177288},
   adsurl = {http://adsabs.harvard.edu/abs/1996ApJ...463..766O},
  adsnote = {Provided by the SAO/NASA Astrophysics Data System}
}

@ARTICLE{Neff1995,
   author = {{Neff}, J.~E. and {O'Neal}, D. and {Saar}, S.~H.},
    title = "{Absolute Measurements of Starspot Area and Temperature: II Pegasi in 1989 October}",
  journal = {\apj},
 keywords = {STARS: ACTIVITY, STARS: INDIVIDUAL CONSTELLATION NAME: II PEGASI, STARS: LATE-TYPE, TECHNIQUES: SPECTROSCOPIC},
     year = 1995,
    month = oct,
   volume = 452,
    pages = {879},
      doi = {10.1086/176356},
   adsurl = {http://adsabs.harvard.edu/abs/1995ApJ...452..879N},
  adsnote = {Provided by the SAO/NASA Astrophysics Data System}
}

@ARTICLE{oneal1998,
   author = {{O'Neal}, D. and {Neff}, J.~E. and {Saar}, S.~H.},
    title = "{Measurements of Starspot Parameters on Active Stars using Molecular Bands in Echelle Spectra}",
  journal = {\apj},
 keywords = {STARS: BINARIES: SPECTROSCOPIC, STARS: ACTIVITY, STARS: FUNDAMENTAL PARAMETERS, STARS: LATE-TYPE, STARS: SPOTS, Stars: Binaries: Spectroscopic, Stars: Activity, Stars: Fundamental Parameters, Stars: Late-Type, Stars: Spots},
     year = 1998,
    month = nov,
   volume = 507,
    pages = {919-937},
      doi = {10.1086/306340},
   adsurl = {http://adsabs.harvard.edu/abs/1998ApJ...507..919O},
  adsnote = {Provided by the SAO/NASA Astrophysics Data System}
}

@ARTICLE{ONeal2004,
   author = {{O'Neal}, D. and {Neff}, J.~E. and {Saar}, S.~H. and {Cuntz}, M.
	},
    title = "{Further Results of TiO-Band Observations of Starspots}",
  journal = {\aj},
 keywords = {Stars: Activity, Stars: Atmospheres, Stars: Spots, Techniques: Spectroscopic},
     year = 2004,
    month = oct,
   volume = 128,
    pages = {1802-1811},
      doi = {10.1086/423438},
   adsurl = {http://adsabs.harvard.edu/abs/2004AJ....128.1802O},
  adsnote = {Provided by the SAO/NASA Astrophysics Data System}
}

@ARTICLE{Morin2010,
   author = {{Morin}, J. and {Donati}, J.-F. and {Petit}, P. and {Delfosse}, X. and 
	{Forveille}, T. and {Jardine}, M.~M.},
    title = "{Large-scale magnetic topologies of late M dwarfs*}",
  journal = {\mnras},
archivePrefix = "arXiv",
   eprint = {1005.5552},
 primaryClass = "astro-ph.SR",
     year = 2010,
    month = oct,
   volume = 407,
    pages = {2269-2286},
      doi = {10.1111/j.1365-2966.2010.17101.x},
   adsurl = {http://adsabs.harvard.edu/abs/2010MNRAS.407.2269M},
  adsnote = {Provided by the SAO/NASA Astrophysics Data System}
}

@ARTICLE{Morin2013,
   author = {{Morin}, J. and {Jardine}, M. and {Reiners}, A. and {Shulyak}, D. and 
	{Beeck}, B. and {Hallinan}, G. and {Hebb}, L. and {Hussain}, G. and 
	{Jeffers}, S.~V. and {Kochukhov}, O. and {Vidotto}, A. and {Walkowicz}, L.
	},
    title = "{Multiple views of magnetism in cool stars}",
  journal = {Astronomische Nachrichten},
archivePrefix = "arXiv",
   eprint = {1208.3338},
 primaryClass = "astro-ph.SR",
 keywords = {stars: activity, stars: coronae, stars: low-mass, brown dwarfs, stars: magnetic fields, starspots},
     year = 2013,
    month = feb,
   volume = 334,
    pages = {48},
      doi = {10.1002/asna.201211771},
   adsurl = {http://adsabs.harvard.edu/abs/2013AN....334...48M},
  adsnote = {Provided by the SAO/NASA Astrophysics Data System}
}

@INPROCEEDINGS{Morin2011,
   author = {{Morin}, J. and {Donati}, J.-F. and {Petit}, P. and {Albert}, L. and 
	{Auri{\'e}re}, M. and {Cabanac}, R. and {Catala}, C. and {Delfosse}, X. and 
	{Dintrans}, B. and {Fares}, R. and {Forveille}, T. and {Gastine}, T. and 
	{Jardine}, M. and {Konstantinova-Antova}, R. and {Lanoux}, J. and 
	{Lignires}, F. and {Morgenthaler}, A. and {Paletou}, F. and 
	{Velez}, J.~C.~R. and {Solanki}, S.~K. and {Thado}, S. and {Van Grootel}, V.
	},
    title = "{Exploring the magnetic topologies of cool stars}",
 keywords = {Stars: low-mass, brown dwarfs, stars: magnetic fields, stars: activity, stars: rotation, techniques: spectroscopic, techniques: polarimetric},
booktitle = {Physics of Sun and Star Spots},
     year = 2011,
   series = {IAU Symposium},
   volume = 273,
archivePrefix = "arXiv",
   eprint = {1009.2589},
 primaryClass = "astro-ph.SR",
   editor = {{Prasad Choudhary}, D. and {Strassmeier}, K.~G.},
    month = aug,
    pages = {181-187},
      doi = {10.1017/S1743921311015213},
   adsurl = {http://adsabs.harvard.edu/abs/2011IAUS..273..181M},
  adsnote = {Provided by the SAO/NASA Astrophysics Data System}
}

@ARTICLE{Donati2003,
   author = {{Donati}, J.-F. and {Collier Cameron}, A. and {Semel}, M. and 
	{Hussain}, G.~A.~J. and {Petit}, P. and {Carter}, B.~D. and 
	{Marsden}, S.~C. and {Mengel}, M. and {L{\'o}pez Ariste}, A. and 
	{Jeffers}, S.~V. and {Rees}, D.~E.},
    title = "{Dynamo processes and activity cycles of the active stars AB Doradus, LQ Hydrae and HR 1099}",
  journal = {\mnras},
 keywords = {line: profiles, stars: activity, binaries: close, stars: magnetic fields, stars: rotation, stars: spots},
     year = 2003,
    month = nov,
   volume = 345,
    pages = {1145-1186},
      doi = {10.1046/j.1365-2966.2003.07031.x},
   adsurl = {http://adsabs.harvard.edu/abs/2003MNRAS.345.1145D},
  adsnote = {Provided by the SAO/NASA Astrophysics Data System}
}

@ARTICLE{Morin2008,
   author = {{Morin}, J. and {Donati}, J.-F. and {Forveille}, T. and {Delfosse}, X. and 
	{Dobler}, W. and {Petit}, P. and {Jardine}, M.~M. and {Collier Cameron}, A. and 
	{Albert}, L. and {Manset}, N. and {Dintrans}, B. and {Chabrier}, G. and 
	{Valenti}, J.~A.},
    title = "{The stable magnetic field of the fully convective star V374 Peg}",
  journal = {\mnras},
archivePrefix = "arXiv",
   eprint = {0711.1418},
 keywords = {techniques: polarimetric , stars: individual: V374 Peg , stars: low-mass, brown dwarfs , stars: magnetic fields , stars: rotation},
     year = 2008,
    month = feb,
   volume = 384,
    pages = {77-86},
      doi = {10.1111/j.1365-2966.2007.12709.x},
   adsurl = {http://adsabs.harvard.edu/abs/2008MNRAS.384...77M},
  adsnote = {Provided by the SAO/NASA Astrophysics Data System}
}


@ARTICLE{Winn2010,
   author = {{Winn}, J.~N. and {Johnson}, J.~A. and {Howard}, A.~W. and {Marcy}, G.~W. and 
	{Isaacson}, H. and {Shporer}, A. and {Bakos}, G.~{\'A}. and 
	{Hartman}, J.~D. and {Albrecht}, S.},
    title = "{The Oblique Orbit of the Super-Neptune HAT-P-11b}",
  journal = {\apjl},
archivePrefix = "arXiv",
   eprint = {1009.5671},
 primaryClass = "astro-ph.EP",
 keywords = {planetary systems, planets and satellites: formation, planet-star interactions, stars: rotation},
     year = 2010,
    month = nov,
   volume = 723,
    pages = {L223-L227},
      doi = {10.1088/2041-8205/723/2/L223},
   adsurl = {http://adsabs.harvard.edu/abs/2010ApJ...723L.223W},
  adsnote = {Provided by the SAO/NASA Astrophysics Data System}
}

@ARTICLE{Deming2011,
   author = {{Deming}, D. and {Sada}, P.~V. and {Jackson}, B. and {Peterson}, S.~W. and 
	{Agol}, E. and {Knutson}, H.~A. and {Jennings}, D.~E. and {Haase}, F. and 
	{Bays}, K.},
    title = "{Kepler and Ground-based Transits of the Exo-Neptune HAT-P-11b}",
  journal = {\apj},
archivePrefix = "arXiv",
   eprint = {1107.2977},
 primaryClass = "astro-ph.EP",
 keywords = {planetary systems, planets and satellites: general, stars: activity, starspots},
     year = 2011,
    month = oct,
   volume = 740,
      eid = {33},
    pages = {33},
      doi = {10.1088/0004-637X/740/1/33},
   adsurl = {http://adsabs.harvard.edu/abs/2011ApJ...740...33D},
  adsnote = {Provided by the SAO/NASA Astrophysics Data System}
}

@ARTICLE{Sanchis-Ojeda2011,
   author = {{Sanchis-Ojeda}, R. and {Winn}, J.~N.},
    title = "{Starspots, Spin-Orbit Misalignment, and Active Latitudes in the HAT-P-11 Exoplanetary System}",
  journal = {\apj},
archivePrefix = "arXiv",
   eprint = {1107.2920},
 primaryClass = "astro-ph.EP",
 keywords = {planetary systems, stars: activity, stars: individual: HAT-P-11, stars: rotation, starspots},
     year = 2011,
    month = dec,
   volume = 743,
      eid = {61},
    pages = {61},
      doi = {10.1088/0004-637X/743/1/61},
   adsurl = {http://adsabs.harvard.edu/abs/2011ApJ...743...61S},
  adsnote = {Provided by the SAO/NASA Astrophysics Data System}
}

@ARTICLE{Hirano2011,
   author = {{Hirano}, T. and {Narita}, N. and {Shporer}, A. and {Sato}, B. and 
	{Aoki}, W. and {Tamura}, M.},
    title = "{A Possible Tilted Orbit of the Super-Neptune HAT-P-11b}",
  journal = {\pasj},
archivePrefix = "arXiv",
   eprint = {1009.5677},
 primaryClass = "astro-ph.EP",
 keywords = {stars: planetary systems: individual (HAT-P-11), stars: rotation, techniques: photometric, techniques: radial velocities, techniques: spectroscopic},
     year = 2011,
    month = mar,
   volume = 63,
    pages = {531-},
      doi = {10.1093/pasj/63.sp2.S531},
   adsurl = {http://adsabs.harvard.edu/abs/2011PASJ...63S.531H},
  adsnote = {Provided by the SAO/NASA Astrophysics Data System}
}

@ARTICLE{Bakos2010,
   author = {{Bakos}, G.~{\'A}. and {Torres}, G. and {P{\'a}l}, A. and {Hartman}, J. and 
	{Kov{\'a}cs}, G. and {Noyes}, R.~W. and {Latham}, D.~W. and 
	{Sasselov}, D.~D. and {Sip{\H o}cz}, B. and {Esquerdo}, G.~A. and 
	{Fischer}, D.~A. and {Johnson}, J.~A. and {Marcy}, G.~W. and 
	{Butler}, R.~P. and {Isaacson}, H. and {Howard}, A. and {Vogt}, S. and 
	{Kov{\'a}cs}, G. and {Fernandez}, J. and {Mo{\'o}r}, A. and 
	{Stefanik}, R.~P. and {L{\'a}z{\'a}r}, J. and {Papp}, I. and 
	{S{\'a}ri}, P.},
    title = "{HAT-P-11b: A Super-Neptune Planet Transiting a Bright K Star in the Kepler Field}",
  journal = {\apj},
archivePrefix = "arXiv",
   eprint = {0901.0282},
 primaryClass = "astro-ph.EP",
 keywords = {planetary systems, stars: individual: HAT-P-11 GSC 03561-02092, techniques: photometric, techniques: spectroscopic},
     year = 2010,
    month = feb,
   volume = 710,
    pages = {1724-1745},
      doi = {10.1088/0004-637X/710/2/1724},
   adsurl = {http://adsabs.harvard.edu/abs/2010ApJ...710.1724B},
  adsnote = {Provided by the SAO/NASA Astrophysics Data System}
}

@ARTICLE{DesMarais2008,
   author = {{Des Marais}, D.~J. and {Nuth}, III., J.~A. and {Allamandola}, L.~J. and 
  {Boss}, A.~P. and {Farmer}, J.~D. and {Hoehler}, T.~M. and {Jakosky}, B.~M. and 
  {Meadows}, V.~S. and {Pohorille}, A. and {Runnegar}, B. and 
  {Spormann}, A.~M.},
    title = "{The NASA Astrobiology Roadmap}",
  journal = {Astrobiology},
     year = 2008,
    month = aug,
   volume = 8,
    pages = {715-730},
      doi = {10.1089/ast.2008.0819},
   adsurl = {http://adsabs.harvard.edu/abs/2008AsBio...8..715D},
  adsnote = {Provided by the SAO/NASA Astrophysics Data System}
}

@ARTICLE{Seager2000,
   author = {{Seager}, S. and {Sasselov}, D.~D.},
    title = "{Theoretical Transmission Spectra during Extrasolar Giant Planet Transits}",
  journal = {\apj},
   eprint = {astro-ph/9912241},
 keywords = {Stars: Planetary Systems, Radiative Transfer, Stars: Atmospheres},
     year = 2000,
    month = jul,
   volume = 537,
    pages = {916-921},
      doi = {10.1086/309088},
   adsurl = {http://adsabs.harvard.edu/abs/2000ApJ...537..916S},
  adsnote = {Provided by the SAO/NASA Astrophysics Data System}
}

@ARTICLE{Seager2007,
   author = {{Seager}, S. and {Kuchner}, M. and {Hier-Majumder}, C.~A. and 
  {Militzer}, B.},
    title = "{Mass-Radius Relationships for Solid Exoplanets}",
  journal = {\apj},
archivePrefix = "arXiv",
   eprint = {0707.2895},
 keywords = {Equation of State, Stars: Planetary Systems, Planets and Satellites: General},
     year = 2007,
    month = nov,
   volume = 669,
    pages = {1279-1297},
      doi = {10.1086/521346},
   adsurl = {http://adsabs.harvard.edu/abs/2007ApJ...669.1279S},
  adsnote = {Provided by the SAO/NASA Astrophysics Data System}
}

@ARTICLE{Kasting1993,
   author = {{Kasting}, J.~F. and {Whitmire}, D.~P. and {Reynolds}, R.~T.
  },
    title = "{Habitable Zones around Main Sequence Stars}",
  journal = {\icarus},
     year = 1993,
    month = jan,
   volume = 101,
    pages = {108-128},
      doi = {10.1006/icar.1993.1010},
   adsurl = {http://adsabs.harvard.edu/abs/1993Icar..101..108K},
  adsnote = {Provided by the SAO/NASA Astrophysics Data System}
}
