Retrieved 1 abstracts, starting with number 1.  Total number selected: 1.

@ARTICLE{bakos2010,
   author = {{Bakos}, G.~{\'A}. and {Torres}, G. and {P{\'a}l}, A. and {Hartman}, J. and 
	{Kov{\'a}cs}, G. and {Noyes}, R.~W. and {Latham}, D.~W. and 
	{Sasselov}, D.~D. and {Sip{\H o}cz}, B. and {Esquerdo}, G.~A. and 
	{Fischer}, D.~A. and {Johnson}, J.~A. and {Marcy}, G.~W. and 
	{Butler}, R.~P. and {Isaacson}, H. and {Howard}, A. and {Vogt}, S. and 
	{Kov{\'a}cs}, G. and {Fernandez}, J. and {Mo{\'o}r}, A. and 
	{Stefanik}, R.~P. and {L{\'a}z{\'a}r}, J. and {Papp}, I. and 
	{S{\'a}ri}, P.},
    title = "{HAT-P-11b: A Super-Neptune Planet Transiting a Bright K Star in the Kepler Field}",
  journal = {\apj},
archivePrefix = "arXiv",
   eprint = {0901.0282},
 primaryClass = "astro-ph.EP",
 keywords = {planetary systems, stars: individual: HAT-P-11 GSC 03561-02092, techniques: photometric, techniques: spectroscopic},
     year = 2010,
    month = feb,
   volume = 710,
    pages = {1724-1745},
      doi = {10.1088/0004-637X/710/2/1724},
   adsurl = {http://adsabs.harvard.edu/abs/2010ApJ...710.1724B},
  adsnote = {Provided by the SAO/NASA Astrophysics Data System}
}

@ARTICLE{Christensen-Dalsgaard2010,
   author = {{Christensen-Dalsgaard}, J. and {Kjeldsen}, H. and {Brown}, T.~M. and 
	{Gilliland}, R.~L. and {Arentoft}, T. and {Frandsen}, S. and 
	{Quirion}, P.-O. and {Borucki}, W.~J. and {Koch}, D. and {Jenkins}, J.~M.
	},
    title = "{Asteroseismic Investigation of Known Planet Hosts in the Kepler Field}",
  journal = {\apjl},
archivePrefix = "arXiv",
   eprint = {1001.0032},
 primaryClass = "astro-ph.SR",
 keywords = {planetary systems, stars: fundamental parameters, stars: oscillations},
     year = 2010,
    month = apr,
   volume = 713,
    pages = {L164-L168},
      doi = {10.1088/2041-8205/713/2/L164},
   adsurl = {http://adsabs.harvard.edu/abs/2010ApJ...713L.164C},
  adsnote = {Provided by the SAO/NASA Astrophysics Data System}
}


@ARTICLE{Winn2010,
   author = {{Winn}, J.~N. and {Johnson}, J.~A. and {Howard}, A.~W. and {Marcy}, G.~W. and 
	{Isaacson}, H. and {Shporer}, A. and {Bakos}, G.~{\'A}. and 
	{Hartman}, J.~D. and {Albrecht}, S.},
    title = "{The Oblique Orbit of the Super-Neptune HAT-P-11b}",
  journal = {\apjl},
archivePrefix = "arXiv",
   eprint = {1009.5671},
 primaryClass = "astro-ph.EP",
 keywords = {planetary systems, planets and satellites: formation, planet-star interactions, stars: rotation},
     year = 2010,
    month = nov,
   volume = 723,
    pages = {L223-L227},
      doi = {10.1088/2041-8205/723/2/L223},
   adsurl = {http://adsabs.harvard.edu/abs/2010ApJ...723L.223W},
  adsnote = {Provided by the SAO/NASA Astrophysics Data System}
}

@ARTICLE{Deming2011,
   author = {{Deming}, D. and {Sada}, P.~V. and {Jackson}, B. and {Peterson}, S.~W. and 
	{Agol}, E. and {Knutson}, H.~A. and {Jennings}, D.~E. and {Haase}, F. and 
	{Bays}, K.},
    title = "{Kepler and Ground-based Transits of the Exo-Neptune HAT-P-11b}",
  journal = {\apj},
archivePrefix = "arXiv",
   eprint = {1107.2977},
 primaryClass = "astro-ph.EP",
 keywords = {planetary systems, planets and satellites: general, stars: activity, starspots},
     year = 2011,
    month = oct,
   volume = 740,
      eid = {33},
    pages = {33},
      doi = {10.1088/0004-637X/740/1/33},
   adsurl = {http://adsabs.harvard.edu/abs/2011ApJ...740...33D},
  adsnote = {Provided by the SAO/NASA Astrophysics Data System}
}

@ARTICLE{Hirano2011,
   author = {{Hirano}, T. and {Narita}, N. and {Shporer}, A. and {Sato}, B. and 
	{Aoki}, W. and {Tamura}, M.},
    title = "{A Possible Tilted Orbit of the Super-Neptune HAT-P-11b}",
  journal = {\pasj},
archivePrefix = "arXiv",
   eprint = {1009.5677},
 primaryClass = "astro-ph.EP",
 keywords = {stars: planetary systems: individual (HAT-P-11), stars: rotation, techniques: photometric, techniques: radial velocities, techniques: spectroscopic},
     year = 2011,
    month = mar,
   volume = 63,
    pages = {531-},
      doi = {10.1093/pasj/63.sp2.S531},
   adsurl = {http://adsabs.harvard.edu/abs/2011PASJ...63S.531H},
  adsnote = {Provided by the SAO/NASA Astrophysics Data System}
}


@ARTICLE{Sanchis-Ojeda2011,
   author = {{Sanchis-Ojeda}, R. and {Winn}, J.~N.},
    title = "{Starspots, Spin-Orbit Misalignment, and Active Latitudes in the HAT-P-11 Exoplanetary System}",
  journal = {\apj},
archivePrefix = "arXiv",
   eprint = {1107.2920},
 primaryClass = "astro-ph.EP",
 keywords = {planetary systems, stars: activity, stars: individual: HAT-P-11, stars: rotation, starspots},
     year = 2011,
    month = dec,
   volume = 743,
      eid = {61},
    pages = {61},
      doi = {10.1088/0004-637X/743/1/61},
   adsurl = {http://adsabs.harvard.edu/abs/2011ApJ...743...61S},
  adsnote = {Provided by the SAO/NASA Astrophysics Data System}
}


@ARTICLE{Southworth2011,
   author = {{Southworth}, J.},
    title = "{Homogeneous studies of transiting extrasolar planets - IV. Thirty systems with space-based light curves}",
  journal = {\mnras},
archivePrefix = "arXiv",
   eprint = {1107.1235},
 primaryClass = "astro-ph.EP",
 keywords = {binaries: eclipsing, binaries: spectroscopic, stars: fundamental parameters, planetary systems},
     year = 2011,
    month = nov,
   volume = 417,
    pages = {2166-2196},
      doi = {10.1111/j.1365-2966.2011.19399.x},
   adsurl = {http://adsabs.harvard.edu/abs/2011MNRAS.417.2166S},
  adsnote = {Provided by the SAO/NASA Astrophysics Data System}
}


@ARTICLE{Beky2014a,
   author = {{B{\'e}ky}, B. and {Holman}, M.~J. and {Kipping}, D.~M. and 
	{Noyes}, R.~W.},
    title = "{Stellar Rotation-Planetary Orbit Period Commensurability in the HAT-P-11 System}",
  journal = {\apj},
archivePrefix = "arXiv",
   eprint = {1403.7526},
 primaryClass = "astro-ph.SR",
 keywords = {stars: activity, stars: individual: HAT-P-11 Kepler-17, stars: rotation},
     year = 2014,
    month = jun,
   volume = 788,
      eid = {1},
    pages = {1},
      doi = {10.1088/0004-637X/788/1/1},
   adsurl = {http://adsabs.harvard.edu/abs/2014ApJ...788....1B},
  adsnote = {Provided by the SAO/NASA Astrophysics Data System}
}


@ARTICLE{Beky2014b,
   author = {{B{\'e}ky}, B. and {Kipping}, D.~M. and {Holman}, M.~J.},
    title = "{SPOTROD: a semi-analytic model for transits of spotted stars}",
  journal = {\mnras},
archivePrefix = "arXiv",
   eprint = {1407.4465},
 primaryClass = "astro-ph.EP",
 keywords = {techniques: photometric, stars: individual: HAT-P-11- starspots},
     year = 2014,
    month = aug,
   volume = 442,
    pages = {3686-3699},
      doi = {10.1093/mnras/stu1061},
   adsurl = {http://adsabs.harvard.edu/abs/2014MNRAS.442.3686B},
  adsnote = {Provided by the SAO/NASA Astrophysics Data System}
}



@ARTICLE{Fraine2014,
   author = {{Fraine}, J. and {Deming}, D. and {Benneke}, B. and {Knutson}, H. and 
	{Jord{\'a}n}, A. and {Espinoza}, N. and {Madhusudhan}, N. and 
	{Wilkins}, A. and {Todorov}, K.},
    title = "{Water vapour absorption in the clear atmosphere of a Neptune-sized exoplanet}",
  journal = {\nat},
archivePrefix = "arXiv",
   eprint = {1409.8349},
 primaryClass = "astro-ph.EP",
     year = 2014,
    month = sep,
   volume = 513,
    pages = {526-529},
      doi = {10.1038/nature13785},
   adsurl = {http://adsabs.harvard.edu/abs/2014Natur.513..526F},
  adsnote = {Provided by the SAO/NASA Astrophysics Data System}
}



@ARTICLE{Maxted2014,
   author = {{Maxted}, P.~F.~L. and {Serenelli}, A.~M. and {Southworth}, J.
	},
    title = "{Comparison of gyrochronological and isochronal age estimates for transiting exoplanet host stars}",
  journal = {\aap},
archivePrefix = "arXiv",
   eprint = {1503.09111},
 primaryClass = "astro-ph.EP",
 keywords = {stars: solar-type, planet-star interactions},
     year = 2015,
    month = may,
   volume = 577,
      eid = {A90},
    pages = {A90},
      doi = {10.1051/0004-6361/201525774},
   adsurl = {http://adsabs.harvard.edu/abs/2015A%26A...577A..90M},
  adsnote = {Provided by the SAO/NASA Astrophysics Data System}
}

@ARTICLE{Goodman2010,
   author = {{Goodman}, J. and {Weare}, J.
	},
    title = "{Ensemble samplers with affine invariance}",
  journal = {Communications in Applied Mathematics and Computational Science},
     year = 2010,
    month = nov,
   volume = 5,
    pages = {65-80},
      doi = {10.2140/camcos.2010.5.65},
}


@misc{gatspy,
  author       = {Jake Vanderplas},
  title        = {{gatspy: General tools for Astronomical Time Series 
                   in Python}},
  month        = feb,
  year         = 2015,
  doi          = {10.5281/zenodo.14833},
  url          = {http://dx.doi.org/10.5281/zenodo.14833}
}

@ARTICLE{Kipping2013,
   author = {{Kipping}, D.~M.},
    title = "{Efficient, uninformative sampling of limb darkening coefficients for two-parameter laws}",
  journal = {\mnras},
archivePrefix = "arXiv",
   eprint = {1308.0009},
 primaryClass = "astro-ph.SR",
 keywords = {methods: analytical, stars: atmospheres},
     year = 2013,
    month = nov,
   volume = 435,
    pages = {2152-2160},
      doi = {10.1093/mnras/stt1435},
   adsurl = {http://adsabs.harvard.edu/abs/2013MNRAS.435.2152K},
  adsnote = {Provided by the SAO/NASA Astrophysics Data System}
}


@ARTICLE{Carter2011,
   author = {{Carter}, J.~A. and {Winn}, J.~N. and {Holman}, M.~J. and {Fabrycky}, D. and 
	{Berta}, Z.~K. and {Burke}, C.~J. and {Nutzman}, P.},
    title = "{The Transit Light Curve Project. XIII. Sixteen Transits of the Super-Earth GJ 1214b}",
  journal = {\apj},
archivePrefix = "arXiv",
   eprint = {1012.0376},
 primaryClass = "astro-ph.EP",
 keywords = {planetary systems, planets and satellites: individual: GJ 1214b GJ 1214, techniques: photometric},
     year = 2011,
    month = apr,
   volume = 730,
      eid = {82},
    pages = {82},
      doi = {10.1088/0004-637X/730/2/82},
   adsurl = {http://adsabs.harvard.edu/abs/2011ApJ...730...82C},
  adsnote = {Provided by the SAO/NASA Astrophysics Data System}
}


@ARTICLE{Czesla2009,
   author = {{Czesla}, S. and {Huber}, K.~F. and {Wolter}, U. and {Schr{\"o}ter}, S. and 
	{Schmitt}, J.~H.~M.~M.},
    title = "{How stellar activity affects the size estimates of extrasolar planets}",
  journal = {\aap},
archivePrefix = "arXiv",
   eprint = {0906.3604},
 primaryClass = "astro-ph.SR",
 keywords = {techniques: photometric, stars: activity, starspots, stars: individual: CoRoT-2a, planetary systems},
     year = 2009,
    month = oct,
   volume = 505,
    pages = {1277-1282},
      doi = {10.1051/0004-6361/200912454},
   adsurl = {http://adsabs.harvard.edu/abs/2009A%26A...505.1277C},
  adsnote = {Provided by the SAO/NASA Astrophysics Data System}
}

@ARTICLE{Kreidberg2015,
   author = {{Kreidberg}, L.},
    title = "{BATMAN: BAsic Transit Model cAlculatioN in Python}",
  journal = {\pasp},
archivePrefix = "arXiv",
   eprint = {1507.08285},
 primaryClass = "astro-ph.EP",
     year = 2015,
    month = dec,
   volume = 127,
    pages = {1161-1165},
      doi = {10.1086/683602},
   adsurl = {http://adsabs.harvard.edu/abs/2015PASP..127.1161K},
  adsnote = {Provided by the SAO/NASA Astrophysics Data System}
}


@ARTICLE{Mandel2002,
   author = {{Mandel}, K. and {Agol}, E.},
    title = "{Analytic Light Curves for Planetary Transit Searches}",
  journal = {\apjl},
   eprint = {astro-ph/0210099},
 keywords = {Stars: Binaries: Eclipsing, Eclipses, Occultations, Stars: Planetary Systems},
     year = 2002,
    month = dec,
   volume = 580,
    pages = {L171-L175},
      doi = {10.1086/345520},
   adsurl = {http://adsabs.harvard.edu/abs/2002ApJ...580L.171M},
  adsnote = {Provided by the SAO/NASA Astrophysics Data System}
}


@ARTICLE{Foreman-Mackey2013,
   author = {{Foreman-Mackey}, D. and {Hogg}, D.~W. and {Lang}, D. and {Goodman}, J.
	},
    title = "{emcee: The MCMC Hammer}",
  journal = {\pasp},
archivePrefix = "arXiv",
   eprint = {1202.3665},
 primaryClass = "astro-ph.IM",
 keywords = {Data Analysis and Techniques},
     year = 2013,
    month = mar,
   volume = 125,
    pages = {306-312},
      doi = {10.1086/670067},
   adsurl = {http://adsabs.harvard.edu/abs/2013PASP..125..306F},
  adsnote = {Provided by the SAO/NASA Astrophysics Data System}
}

@ARTICLE{Aigrain2015,
   author = {{Aigrain}, S. and {Llama}, J. and {Ceillier}, T. and {Chagas}, M.~L.~d. and 
	{Davenport}, J.~R.~A. and {Garc{\'{\i}}a}, R.~A. and {Hay}, K.~L. and 
	{Lanza}, A.~F. and {McQuillan}, A. and {Mazeh}, T. and {de Medeiros}, J.~R. and 
	{Nielsen}, M.~B. and {Reinhold}, T.},
    title = "{Testing the recovery of stellar rotation signals from Kepler light curves using a blind hare-and-hounds exercise}",
  journal = {\mnras},
archivePrefix = "arXiv",
   eprint = {1504.04029},
 primaryClass = "astro-ph.SR",
 keywords = {methods: data analysis, techniques: photometric, surveys, stars: rotation, starspots},
     year = 2015,
    month = jul,
   volume = 450,
    pages = {3211-3226},
      doi = {10.1093/mnras/stv853},
   adsurl = {http://adsabs.harvard.edu/abs/2015MNRAS.450.3211A},
  adsnote = {Provided by the SAO/NASA Astrophysics Data System}
}

@ARTICLE{Davenport2015,
   author = {{Davenport}, J.~R.~A. and {Hebb}, L. and {Hawley}, S.~L.},
    title = "{Detecting Differential Rotation and Starspot Evolution on the M Dwarf GJ 1243 with Kepler}",
  journal = {\apj},
archivePrefix = "arXiv",
   eprint = {1505.01524},
 primaryClass = "astro-ph.SR",
 keywords = {starspots, stars: activity, stars: low-mass},
     year = 2015,
    month = jun,
   volume = 806,
      eid = {212},
    pages = {212},
      doi = {10.1088/0004-637X/806/2/212},
   adsurl = {http://adsabs.harvard.edu/abs/2015ApJ...806..212D},
  adsnote = {Provided by the SAO/NASA Astrophysics Data System}
}


@ARTICLE{Huber2010,
   author = {{Huber}, K.~F. and {Czesla}, S. and {Wolter}, U. and {Schmitt}, J.~H.~M.~M.
	},
    title = "{Planetary eclipse mapping of CoRoT-2a. Evolution, differential rotation, and spot migration}",
  journal = {\aap},
archivePrefix = "arXiv",
   eprint = {1002.4113},
 primaryClass = "astro-ph.SR",
 keywords = {planetary systems, techniques: photometric, stars: activity, starspots, stars: individual: CoRoT-2a},
     year = 2010,
    month = may,
   volume = 514,
      eid = {A39},
    pages = {A39},
      doi = {10.1051/0004-6361/200913914},
   adsurl = {http://adsabs.harvard.edu/abs/2010A%26A...514A..39H},
  adsnote = {Provided by the SAO/NASA Astrophysics Data System}
}


@ARTICLE{Csizmadia2013,
   author = {{Csizmadia}, S. and {Pasternacki}, T. and {Dreyer}, C. and {Cabrera}, J. and 
	{Erikson}, A. and {Rauer}, H.},
    title = "{The effect of stellar limb darkening values on the accuracy of the planet radii derived from photometric transit observations}",
  journal = {\aap},
archivePrefix = "arXiv",
   eprint = {1212.2372},
 primaryClass = "astro-ph.EP",
 keywords = {techniques: photometric, planetary systems},
     year = 2013,
    month = jan,
   volume = 549,
      eid = {A9},
    pages = {A9},
      doi = {10.1051/0004-6361/201219888},
   adsurl = {http://adsabs.harvard.edu/abs/2013A%26A...549A...9C},
  adsnote = {Provided by the SAO/NASA Astrophysics Data System}
}

@ARTICLE{Schuessler1996,
   author = {{Schuessler}, M. and {Caligari}, P. and {Ferriz-Mas}, A. and 
	{Solanki}, S.~K. and {Stix}, M.},
    title = "{Distribution of starspots on cool stars. I. Young and main sequence stars of 1M$_{sun}$\_.}",
  journal = {\aap},
 keywords = {STARS: MAGNETIC FIELDS, STARS: ACTIVITY, MHD},
     year = 1996,
    month = oct,
   volume = 314,
    pages = {503-512},
   adsurl = {http://adsabs.harvard.edu/abs/1996A%26A...314..503S},
  adsnote = {Provided by the SAO/NASA Astrophysics Data System}
}

@ARTICLE{Granzer2000,
   author = {{Granzer}, T. and {Sch{\"u}ssler}, M. and {Caligari}, P. and 
	{Strassmeier}, K.~G.},
    title = "{Distribution of starspots on cool stars. II. Pre-main-sequence and ZAMS stars between 0.4 M$_{sun}$ and 1.7 M$_{sun}$}",
  journal = {\aap},
 keywords = {MAGNETOHYDRODYNAMICS (MHD), STARS: ROTATION, STARS: PRE-MAIN SEQUENCE, STARS: MAGNETIC FIELDS, STARS: ACTIVITY},
     year = 2000,
    month = mar,
   volume = 355,
    pages = {1087-1097},
   adsurl = {http://adsabs.harvard.edu/abs/2000A%26A...355.1087G},
  adsnote = {Provided by the SAO/NASA Astrophysics Data System}
}


@ARTICLE{Eker2003,
   author = {{Eker}, Z. and {Brandt}, P.~N. and {Hanslmeier}, A. and {Otruba}, W. and 
	{Wehrli}, C.},
    title = "{Deriving effective sunspot temperatures from SOHO/VIRGO irradiance measurements.  A starspot modelling approach}",
  journal = {\aap},
 keywords = {Sun: sunspots, Sun: activity, Sun: photosphere, stars: starspots, Sun: UV radiation},
     year = 2003,
    month = jun,
   volume = 404,
    pages = {1107-1115},
      doi = {10.1051/0004-6361:20030573},
   adsurl = {http://adsabs.harvard.edu/abs/2003A%26A...404.1107E},
  adsnote = {Provided by the SAO/NASA Astrophysics Data System}
}


@ARTICLE{Leonard2008,
   author = {{Leonard}, T. and {Choudhary}, D.~P.},
    title = "{Intensity and Magnetic Field Distribution of Sunspots}",
  journal = {\solphys},
 keywords = {Sun: magnetic field, Sun: sunspot, Sun: brightness},
     year = 2008,
    month = oct,
   volume = 252,
    pages = {33-41},
      doi = {10.1007/s11207-008-9256-y},
   adsurl = {http://adsabs.harvard.edu/abs/2008SoPh..252...33L},
  adsnote = {Provided by the SAO/NASA Astrophysics Data System}
}



@ARTICLE{Keppens1996,
   author = {{Keppens}, R. and {Martinez Pillet}, V.},
    title = "{The magnetic structure of pores and sunspots derived from Advanced Stokes Polarimeter data.}",
  journal = {\aap},
 keywords = {POLARIZATION, SUN: MAGNETIC FIELDS, SUN: SUNSPOTS},
     year = 1996,
    month = dec,
   volume = 316,
    pages = {229-242},
   adsurl = {http://adsabs.harvard.edu/abs/1996A%26A...316..229K},
  adsnote = {Provided by the SAO/NASA Astrophysics Data System}
}


@ARTICLE{Roettenbacher2013,
   author = {{Roettenbacher}, R.~M. and {Monnier}, J.~D. and {Harmon}, R.~O. and 
	{Barclay}, T. and {Still}, M.},
    title = "{Imaging Starspot Evolution on Kepler Target KIC 5110407 Using Light-Curve Inversion}",
  journal = {\apj},
archivePrefix = "arXiv",
   eprint = {1302.6268},
 primaryClass = "astro-ph.SR",
 keywords = {stars: activity, stars: imaging, stars: variables: general},
     year = 2013,
    month = apr,
   volume = 767,
      eid = {60},
    pages = {60},
      doi = {10.1088/0004-637X/767/1/60},
   adsurl = {http://adsabs.harvard.edu/abs/2013ApJ...767...60R},
  adsnote = {Provided by the SAO/NASA Astrophysics Data System}
}

@ARTICLE{Frasca2011,
   author = {{Frasca}, A. and {Fr{\"o}hlich}, H.-E. and {Bonanno}, A. and 
	{Catanzaro}, G. and {Biazzo}, K. and {Molenda-{\.Z}akowicz}, J.
	},
    title = "{Magnetic activity and differential rotation in the very young star KIC 8429280}",
  journal = {\aap},
archivePrefix = "arXiv",
   eprint = {1106.4928},
 primaryClass = "astro-ph.SR",
 keywords = {stars: activity, starspots, stars: rotation, stars: chromospheres, stars: individual: KIC 8429280, X-rays: stars},
     year = 2011,
    month = aug,
   volume = 532,
      eid = {A81},
    pages = {A81},
      doi = {10.1051/0004-6361/201116980},
   adsurl = {http://adsabs.harvard.edu/abs/2011A%26A...532A..81F},
  adsnote = {Provided by the SAO/NASA Astrophysics Data System}
}

@ARTICLE{McQuillan2014,
   author = {{McQuillan}, A. and {Mazeh}, T. and {Aigrain}, S.},
    title = "{Rotation Periods of 34,030 Kepler Main-sequence Stars: The Full Autocorrelation Sample}",
  journal = {\apjs},
archivePrefix = "arXiv",
   eprint = {1402.5694},
 primaryClass = "astro-ph.SR",
 keywords = {catalogs, methods: data analysis, methods: observational, stars: activity, stars: low-mass, stars: rotation, techniques: photometric},
     year = 2014,
    month = apr,
   volume = 211,
      eid = {24},
    pages = {24},
      doi = {10.1088/0067-0049/211/2/24},
   adsurl = {http://adsabs.harvard.edu/abs/2014ApJS..211...24M},
  adsnote = {Provided by the SAO/NASA Astrophysics Data System}
}



@ARTICLE{Ohta2005,
   author = {{Ohta}, Y. and {Taruya}, A. and {Suto}, Y.},
    title = "{The Rossiter-McLaughlin Effect and Analytic Radial Velocity Curves for Transiting Extrasolar Planetary Systems}",
  journal = {\apj},
   eprint = {astro-ph/0410499},
 keywords = {Stars: Planetary Systems, Stars: Individual: Henry Draper Number: HD 209458, Techniques: Spectroscopic},
     year = 2005,
    month = apr,
   volume = 622,
    pages = {1118-1135},
      doi = {10.1086/428344},
   adsurl = {http://adsabs.harvard.edu/abs/2005ApJ...622.1118O},
  adsnote = {Provided by the SAO/NASA Astrophysics Data System}
}


@ARTICLE{Winn2005,
   author = {{Winn}, J.~N. and {Noyes}, R.~W. and {Holman}, M.~J. and {Charbonneau}, D. and 
	{Ohta}, Y. and {Taruya}, A. and {Suto}, Y. and {Narita}, N. and 
	{Turner}, E.~L. and {Johnson}, J.~A. and {Marcy}, G.~W. and 
	{Butler}, R.~P. and {Vogt}, S.~S.},
    title = "{Measurement of Spin-Orbit Alignment in an Extrasolar Planetary System}",
  journal = {\apj},
   eprint = {astro-ph/0504555},
 keywords = {Stars: Planetary Systems, Stars: Planetary Systems: Formation, Stars: Individual: Henry Draper Number: HD 209458, Stars: Rotation},
     year = 2005,
    month = oct,
   volume = 631,
    pages = {1215-1226},
      doi = {10.1086/432571},
   adsurl = {http://adsabs.harvard.edu/abs/2005ApJ...631.1215W},
  adsnote = {Provided by the SAO/NASA Astrophysics Data System}
}

@ARTICLE{Fabrycky2009,
   author = {{Fabrycky}, D.~C. and {Winn}, J.~N.},
    title = "{Exoplanetary Spin-Orbit Alignment: Results from the Ensemble of Rossiter-McLaughlin Observations}",
  journal = {\apj},
archivePrefix = "arXiv",
   eprint = {0902.0737},
 primaryClass = "astro-ph.EP",
 keywords = {celestial mechanics, methods: statistical, planetary systems, stars: rotation},
     year = 2009,
    month = may,
   volume = 696,
    pages = {1230-1240},
      doi = {10.1088/0004-637X/696/2/1230},
   adsurl = {http://adsabs.harvard.edu/abs/2009ApJ...696.1230F},
  adsnote = {Provided by the SAO/NASA Astrophysics Data System}
}


@ARTICLE{Howard1984,
   author = {{Howard}, R. and {Gilman}, P.~I. and {Gilman}, P.~A.},
    title = "{Rotation of the sun measured from Mount Wilson white-light images}",
  journal = {\apj},
 keywords = {Astronomical Photography, Solar Rotation, Sunspots, Angular Velocity, Annual Variations, Data Reduction},
     year = 1984,
    month = aug,
   volume = 283,
    pages = {373-384},
      doi = {10.1086/162315},
   adsurl = {http://adsabs.harvard.edu/abs/1984ApJ...283..373H},
  adsnote = {Provided by the SAO/NASA Astrophysics Data System}
}


@ARTICLE{Li2002,
   author = {{Li}, K.-J. and {Liu}, X.-H. and {Yun}, H.-S. and {Xiong}, S.-Y. and 
	{Liang}, H.-F. and {Zhao}, H.-Z. and {Zhan}, L.-S. and {Gu}, X.-M.
	},
    title = "{Asymmetrical Distribution of Sunspot Groups in the Solar Hemispheres}",
  journal = {\pasj},
 keywords = {activity, Sun : general, Sun : sunspots},
     year = 2002,
    month = aug,
   volume = 54,
    pages = {629-633},
      doi = {10.1093/pasj/54.4.629},
   adsurl = {http://adsabs.harvard.edu/abs/2002PASJ...54..629L},
  adsnote = {Provided by the SAO/NASA Astrophysics Data System}
}

@ARTICLE{Carbonell1993,
   author = {{Carbonell}, M. and {Oliver}, R. and {Ballester}, J.~L.},
    title = "{On the asymmetry of solar activity}",
  journal = {\aap},
     year = 1993,
    month = jul,
   volume = 274,
    pages = {497},
   adsurl = {http://adsabs.harvard.edu/abs/1993A%26A...274..497C},
  adsnote = {Provided by the SAO/NASA Astrophysics Data System}
}

@ARTICLE{Newton1955,
   author = {{Newton}, H.~W. and {Milsom}, A.~S.},
    title = "{Note on the observed differences in spottedness of the Sun's northern and southern hemispheres}",
  journal = {\mnras},
     year = 1955,
   volume = 115,
    pages = {398},
      doi = {10.1093/mnras/115.4.398},
   adsurl = {http://adsabs.harvard.edu/abs/1955MNRAS.115..398N},
  adsnote = {Provided by the SAO/NASA Astrophysics Data System}
}


@ARTICLE{Vizoso1990,
   author = {{Vizoso}, G. and {Ballester}, J.~L.},
    title = "{The north-south asymmetry of sunspots}",
  journal = {\aap},
 keywords = {Magnetic Dipoles, Solar Activity Effects, Solar Cycles, Solar Flares, Sunspot Cycle, Asymmetry, Northern Hemisphere, Solar Magnetic Field, Solar Prominences},
     year = 1990,
    month = mar,
   volume = 229,
    pages = {540-546},
   adsurl = {http://adsabs.harvard.edu/abs/1990A%26A...229..540V},
  adsnote = {Provided by the SAO/NASA Astrophysics Data System}
}


@ARTICLE{Hathaway2015,
   author = {{Hathaway}, D.~H.},
    title = "{The Solar Cycle}",
  journal = {Living Reviews in Solar Physics},
archivePrefix = "arXiv",
   eprint = {1502.07020},
 primaryClass = "astro-ph.SR",
 keywords = {Sunspots, Solar cycle, Solar cycle prediction, Solar activity  },
     year = 2015,
    month = sep,
   volume = 12,
      doi = {10.1007/lrsp-2015-4},
   adsurl = {http://adsabs.harvard.edu/abs/2015LRSP...12....4H},
  adsnote = {Provided by the SAO/NASA Astrophysics Data System}
}

@ARTICLE{Hathaway2011,
   author = {{Hathaway}, D.~H.},
    title = "{A Standard Law for the Equatorward Drift of the Sunspot Zones}",
  journal = {\solphys},
archivePrefix = "arXiv",
   eprint = {1108.1722},
 primaryClass = "astro-ph.SR",
 keywords = {Solar cycle, observations, Sunspots, statistics, Sunspots, velocity},
     year = 2011,
    month = oct,
   volume = 273,
    pages = {221-230},
      doi = {10.1007/s11207-011-9837-z},
   adsurl = {http://adsabs.harvard.edu/abs/2011SoPh..273..221H},
  adsnote = {Provided by the SAO/NASA Astrophysics Data System}
}


@ARTICLE{Solanki2003,
   author = {{Solanki}, S.~K.},
    title = "{Sunspots: An overview}",
  journal = {\aapr},
 keywords = {Sunspots, Sun: magnetic field, Sun: active regions, Sun: activity},
     year = 2003,
   volume = 11,
    pages = {153-286},
      doi = {10.1007/s00159-003-0018-4},
   adsurl = {http://adsabs.harvard.edu/abs/2003A%26ARv..11..153S},
  adsnote = {Provided by the SAO/NASA Astrophysics Data System}
}

@ARTICLE{Vaughan1978,
   author = {{Vaughan}, A.~H. and {Preston}, G.~W. and {Wilson}, O.~C.},
    title = "{Flux measurements of CA II H and K emission}",
  journal = {\pasp},
 keywords = {Chromosphere, Emission Spectra, H Lines, K Lines, Stellar Spectrophotometry, Absorption Spectra, Spectrophotometers, Statistical Analysis},
     year = 1978,
    month = jun,
   volume = 90,
    pages = {267-274},
      doi = {10.1086/130324},
   adsurl = {http://adsabs.harvard.edu/abs/1978PASP...90..267V},
  adsnote = {Provided by the SAO/NASA Astrophysics Data System}
}

@ARTICLE{Alvarado-Gomez2015,
   author = {{Alvarado-G{\'o}mez}, J.~D. and {Hussain}, G.~A.~J. and {Grunhut}, J. and 
	{Fares}, R. and {Donati}, J.-F. and {Alecian}, E. and {Kochukhov}, O. and 
	{Oksala}, M. and {Morin}, J. and {Redfield}, S. and {Cohen}, O. and 
	{Drake}, J.~J. and {Jardine}, M. and {Matt}, S. and {Petit}, P. and 
	{Walter}, F.~M.},
    title = "{Activity and magnetic field structure of the Sun-like planet-hosting star HD 1237}",
  journal = {\aap},
archivePrefix = "arXiv",
   eprint = {1507.04117},
 primaryClass = "astro-ph.SR",
 keywords = {stars: activity, stars: magnetic field, stars: solar-type, stars: individual: HD 1237},
     year = 2015,
    month = oct,
   volume = 582,
      eid = {A38},
    pages = {A38},
      doi = {10.1051/0004-6361/201525771},
   adsurl = {http://adsabs.harvard.edu/abs/2015A%26A...582A..38A},
  adsnote = {Provided by the SAO/NASA Astrophysics Data System}
}

@ARTICLE{Duncan1991,
   author = {{Duncan}, D.~K. and {Vaughan}, A.~H. and {Wilson}, O.~C. and 
	{Preston}, G.~W. and {Frazer}, J. and {Lanning}, H. and {Misch}, A. and 
	{Mueller}, J. and {Soyumer}, D. and {Woodard}, L. and {Baliunas}, S.~L. and 
	{Noyes}, R.~W. and {Hartmann}, L.~W. and {Porter}, A. and {Zwaan}, C. and 
	{Middelkoop}, F. and {Rutten}, R.~G.~M. and {Mihalas}, D.},
    title = "{CA II H and K measurements made at Mount Wilson Observatory, 1966-1983}",
  journal = {\apjs},
 keywords = {Stellar Activity, Stellar Composition, Stellar Spectrophotometry, Calcium, Continuous Spectra, Hydrogen, Potassium, Stellar Spectra},
     year = 1991,
    month = may,
   volume = 76,
    pages = {383-430},
      doi = {10.1086/191572},
   adsurl = {http://adsabs.harvard.edu/abs/1991ApJS...76..383D},
  adsnote = {Provided by the SAO/NASA Astrophysics Data System}
}

@ARTICLE{Isaacson2010,
   author = {{Isaacson}, H. and {Fischer}, D.},
    title = "{Chromospheric Activity and Jitter Measurements for 2630 Stars on the California Planet Search}",
  journal = {\apj},
archivePrefix = "arXiv",
   eprint = {1009.2301},
 primaryClass = "astro-ph.EP",
 keywords = {stars: activity, stars: chromospheres, stars: fundamental parameters},
     year = 2010,
    month = dec,
   volume = 725,
    pages = {875-885},
      doi = {10.1088/0004-637X/725/1/875},
   adsurl = {http://adsabs.harvard.edu/abs/2010ApJ...725..875I},
  adsnote = {Provided by the SAO/NASA Astrophysics Data System}
}

@ARTICLE{Livingston2007,
   author = {{Livingston}, W. and {Wallace}, L. and {White}, O.~R. and {Giampapa}, M.~S.
	},
    title = "{Sun-as-a-Star Spectrum Variations 1974-2006}",
  journal = {\apj},
   eprint = {astro-ph/0612554},
 keywords = {Instrumentation: Spectrographs, Sun: General},
     year = 2007,
    month = mar,
   volume = 657,
    pages = {1137-1149},
      doi = {10.1086/511127},
   adsurl = {http://adsabs.harvard.edu/abs/2007ApJ...657.1137L},
  adsnote = {Provided by the SAO/NASA Astrophysics Data System}
}

@ARTICLE{Baliunas1995,
   author = {{Baliunas}, S.~L. and {Donahue}, R.~A. and {Soon}, W.~H. and 
	{Horne}, J.~H. and {Frazer}, J. and {Woodard-Eklund}, L. and 
	{Bradford}, M. and {Rao}, L.~M. and {Wilson}, O.~C. and {Zhang}, Q. and 
	{Bennett}, W. and {Briggs}, J. and {Carroll}, S.~M. and {Duncan}, D.~K. and 
	{Figueroa}, D. and {Lanning}, H.~H. and {Misch}, T. and {Mueller}, J. and 
	{Noyes}, R.~W. and {Poppe}, D. and {Porter}, A.~C. and {Robinson}, C.~R. and 
	{Russell}, J. and {Shelton}, J.~C. and {Soyumer}, T. and {Vaughan}, A.~H. and 
	{Whitney}, J.~H.},
    title = "{Chromospheric variations in main-sequence stars}",
  journal = {\apj},
 keywords = {Chromosphere, Emission Spectra, Main Sequence Stars, Stellar Activity, Stellar Evolution, Variations, Calcium, Flux Density, H Lines, K Lines, Stellar Magnetic Fields, Stellar Rotation},
     year = 1995,
    month = jan,
   volume = 438,
    pages = {269-287},
      doi = {10.1086/175072},
   adsurl = {http://adsabs.harvard.edu/abs/1995ApJ...438..269B},
  adsnote = {Provided by the SAO/NASA Astrophysics Data System}
}

@ARTICLE{Morris2017,
   author = {{Morris}, B.~M. and {Hebb}, L. and {Davenport}, J.~R.~A. and {Roene}, G. and {Hawley}, S.~L.},
    title = "{The Starspots of HAT-P-11: Evidence for a Solar-like Dynamo}",
  journal = {\apj},
     year = 2017
}

@ARTICLE{Dumusque2014,
   author = {{Dumusque}, X. and {Boisse}, I. and {Santos}, N.~C.},
    title = "{SOAP 2.0: A Tool to Estimate the Photometric and Radial Velocity Variations Induced by Stellar Spots and Plages}",
  journal = {\apj},
archivePrefix = "arXiv",
   eprint = {1409.3594},
 primaryClass = "astro-ph.SR",
 keywords = {planetary systems, stars: activity, stars: individual: alpha Cen B, stars: individual: HD 189733, techniques: radial velocities},
     year = 2014,
    month = dec,
   volume = 796,
      eid = {132},
    pages = {132},
      doi = {10.1088/0004-637X/796/2/132},
   adsurl = {http://adsabs.harvard.edu/abs/2014ApJ...796..132D},
  adsnote = {Provided by the SAO/NASA Astrophysics Data System}
}

@ARTICLE{Husser2013,
   author = {{Husser}, T.-O. and {Wende-von Berg}, S. and {Dreizler}, S. and 
	{Homeier}, D. and {Reiners}, A. and {Barman}, T. and {Hauschildt}, P.~H.
	},
    title = "{A new extensive library of PHOENIX stellar atmospheres and synthetic spectra}",
  journal = {\aap},
archivePrefix = "arXiv",
   eprint = {1303.5632},
 primaryClass = "astro-ph.SR",
 keywords = {stars: atmospheres, convection, stars: late-type},
     year = 2013,
    month = may,
   volume = 553,
      eid = {A6},
    pages = {A6},
      doi = {10.1051/0004-6361/201219058},
   adsurl = {http://adsabs.harvard.edu/abs/2013A%26A...553A...6H},
  adsnote = {Provided by the SAO/NASA Astrophysics Data System}
}

@ARTICLE{Wilson1978,
   author = {{Wilson}, O.~C.},
    title = "{Chromospheric variations in main-sequence stars}",
  journal = {\apj},
 keywords = {Chromosphere, Late Stars, Main Sequence Stars, Periodic Variations, Stellar Atmospheres, Calcium, Emission Spectra, Graphs (Charts), Reference Stars, Tables (Data)},
     year = 1978,
    month = dec,
   volume = 226,
    pages = {379-396},
      doi = {10.1086/156618},
   adsurl = {http://adsabs.harvard.edu/abs/1978ApJ...226..379W},
  adsnote = {Provided by the SAO/NASA Astrophysics Data System}
}

@ARTICLE{Baliunas1995,
   author = {{Baliunas}, S.~L. and {Donahue}, R.~A. and {Soon}, W.~H. and 
	{Horne}, J.~H. and {Frazer}, J. and {Woodard-Eklund}, L. and 
	{Bradford}, M. and {Rao}, L.~M. and {Wilson}, O.~C. and {Zhang}, Q. and 
	{Bennett}, W. and {Briggs}, J. and {Carroll}, S.~M. and {Duncan}, D.~K. and 
	{Figueroa}, D. and {Lanning}, H.~H. and {Misch}, T. and {Mueller}, J. and 
	{Noyes}, R.~W. and {Poppe}, D. and {Porter}, A.~C. and {Robinson}, C.~R. and 
	{Russell}, J. and {Shelton}, J.~C. and {Soyumer}, T. and {Vaughan}, A.~H. and 
	{Whitney}, J.~H.},
    title = "{Chromospheric variations in main-sequence stars}",
  journal = {\apj},
 keywords = {Chromosphere, Emission Spectra, Main Sequence Stars, Stellar Activity, Stellar Evolution, Variations, Calcium, Flux Density, H Lines, K Lines, Stellar Magnetic Fields, Stellar Rotation},
     year = 1995,
    month = jan,
   volume = 438,
    pages = {269-287},
      doi = {10.1086/175072},
   adsurl = {http://adsabs.harvard.edu/abs/1995ApJ...438..269B},
  adsnote = {Provided by the SAO/NASA Astrophysics Data System}
}

@ARTICLE{Hall2008,
   author = {{Hall}, J.~C.},
    title = "{Stellar Chromospheric Activity}",
  journal = {Living Reviews in Solar Physics},
 keywords = {Sun, Stars: chromospheres},
     year = 2008,
    month = mar,
   volume = 5,
      eid = {2},
    pages = {2},
      doi = {10.12942/lrsp-2008-2},
   adsurl = {http://adsabs.harvard.edu/abs/2008LRSP....5....2H},
  adsnote = {Provided by the SAO/NASA Astrophysics Data System}
}

@ARTICLE{Wilson1978,
   author = {{Wilson}, O.~C.},
    title = "{Chromospheric variations in main-sequence stars}",
  journal = {\apj},
 keywords = {Chromosphere, Late Stars, Main Sequence Stars, Periodic Variations, Stellar Atmospheres, Calcium, Emission Spectra, Graphs (Charts), Reference Stars, Tables (Data)},
     year = 1978,
    month = dec,
   volume = 226,
    pages = {379-396},
      doi = {10.1086/156618},
   adsurl = {http://adsabs.harvard.edu/abs/1978ApJ...226..379W},
  adsnote = {Provided by the SAO/NASA Astrophysics Data System}
}

@ARTICLE{Skumanich1972,
   author = {{Skumanich}, A.},
    title = "{Time Scales for CA II Emission Decay, Rotational Braking, and Lithium Depletion}",
  journal = {\apj},
     year = 1972,
    month = feb,
   volume = 171,
    pages = {565},
      doi = {10.1086/151310},
   adsurl = {http://adsabs.harvard.edu/abs/1972ApJ...171..565S},
  adsnote = {Provided by the SAO/NASA Astrophysics Data System}
}

@ARTICLE{Waldmeier1935,
   author = {{Waldmeier}, M.},
    title = "{Neue Eigenschaften der Sonnenfleckenkurve}",
  journal = {Astronomische Mitteilungen der Eidgen{\"o}ssischen Sternwarte Zurich},
     year = 1935,
   volume = 14,
    pages = {105-136},
   adsurl = {http://adsabs.harvard.edu/abs/1935MiZur..14..105W},
  adsnote = {Provided by the SAO/NASA Astrophysics Data System}
}

@ARTICLE{Egeland2017,
   author = {{Egeland}, R. and {Soon}, W. and {Baliunas}, S. and {Hall}, J.~C. and 
	{Pevtsov}, A.~A. and {Bertello}, L.},
    title = "{The Mount Wilson Observatory S-index of the Sun}",
  journal = {\apj},
archivePrefix = "arXiv",
   eprint = {1611.04540},
 primaryClass = "astro-ph.SR",
 keywords = {stars: activity, Sun: activity, Sun: chromosphere},
     year = 2017,
    month = jan,
   volume = 835,
      eid = {25},
    pages = {25},
      doi = {10.3847/1538-4357/835/1/25},
   adsurl = {http://adsabs.harvard.edu/abs/2017ApJ...835...25E},
  adsnote = {Provided by the SAO/NASA Astrophysics Data System}
}

@ARTICLE{Montet2017,
   author = {{Montet}, B.~T. and {Tovar}, G. and {Foreman-Mackey}, D.},
    title = "{Long Term Photometric Variability in Kepler Full Frame Images: Magnetic Cycles of Sun-Like Stars}",
  journal = {ArXiv e-prints},
archivePrefix = "arXiv",
   eprint = {1705.07928},
 primaryClass = "astro-ph.SR",
 keywords = {Astrophysics - Solar and Stellar Astrophysics},
     year = 2017,
    month = may,
   adsurl = {http://adsabs.harvard.edu/abs/2017arXiv170507928M},
  adsnote = {Provided by the SAO/NASA Astrophysics Data System}
}

@ARTICLE{Chen2017,
   author = {{Chen}, J. and {Kipping}, D.},
    title = "{Probabilistic Forecasting of the Masses and Radii of Other Worlds}",
  journal = {\apj},
archivePrefix = "arXiv",
   eprint = {1603.08614},
 primaryClass = "astro-ph.EP",
 keywords = {methods: statistics, planetary systems},
     year = 2017,
    month = jan,
   volume = 834,
      eid = {17},
    pages = {17},
      doi = {10.3847/1538-4357/834/1/17},
   adsurl = {http://adsabs.harvard.edu/abs/2017ApJ...834...17C},
  adsnote = {Provided by the SAO/NASA Astrophysics Data System}
}

@ARTICLE{Mittag2013,
   author = {{Mittag}, M. and {Schmitt}, J.~H.~M.~M. and {Schr{\"o}der}, K.-P.
	},
    title = "{Ca II H+K fluxes from S-indices of large samples: a reliable and consistent conversion based on PHOENIX model atmospheres}",
  journal = {\aap},
 keywords = {stars: atmospheres, stars: activity, stars: chromospheres, stars: late-type, stars: solar-type},
     year = 2013,
    month = jan,
   volume = 549,
      eid = {A117},
    pages = {A117},
      doi = {10.1051/0004-6361/201219868},
   adsurl = {http://adsabs.harvard.edu/abs/2013A%26A...549A.117M},
  adsnote = {Provided by the SAO/NASA Astrophysics Data System}
}

@ARTICLE{Noyes1984,
   author = {{Noyes}, R.~W. and {Hartmann}, L.~W. and {Baliunas}, S.~L. and 
	{Duncan}, D.~K. and {Vaughan}, A.~H.},
    title = "{Rotation, convection, and magnetic activity in lower main-sequence stars}",
  journal = {\apj},
 keywords = {Magnetic Stars, Main Sequence Stars, Stellar Activity, Stellar Magnetic Fields, Stellar Rotation, Chromosphere, Convection, Late Stars, Magnetoactivity},
     year = 1984,
    month = apr,
   volume = 279,
    pages = {763-777},
      doi = {10.1086/161945},
   adsurl = {http://adsabs.harvard.edu/abs/1984ApJ...279..763N},
  adsnote = {Provided by the SAO/NASA Astrophysics Data System}
}

@ARTICLE{Wright2004,
   author = {{Wright}, J.~T. and {Marcy}, G.~W. and {Butler}, R.~P. and {Vogt}, S.~S.
	},
    title = "{Chromospheric Ca II Emission in Nearby F, G, K, and M Stars}",
  journal = {\apjs},
   eprint = {astro-ph/0402582},
 keywords = {Stars: Activity, Stars: Chromospheres, Stars: Rotation},
     year = 2004,
    month = jun,
   volume = 152,
    pages = {261-295},
      doi = {10.1086/386283},
   adsurl = {http://adsabs.harvard.edu/abs/2004ApJS..152..261W},
  adsnote = {Provided by the SAO/NASA Astrophysics Data System}
}

@ARTICLE{Perryman1997,
   author = {{Perryman}, M.~A.~C. and {Lindegren}, L. and {Kovalevsky}, J. and 
	{Hoeg}, E. and {Bastian}, U. and {Bernacca}, P.~L. and {Cr{\'e}z{\'e}}, M. and 
	{Donati}, F. and {Grenon}, M. and {Grewing}, M. and {van Leeuwen}, F. and 
	{van der Marel}, H. and {Mignard}, F. and {Murray}, C.~A. and 
	{Le Poole}, R.~S. and {Schrijver}, H. and {Turon}, C. and {Arenou}, F. and 
	{Froeschl{\'e}}, M. and {Petersen}, C.~S.},
    title = "{The HIPPARCOS Catalogue}",
  journal = {\aap},
     year = 1997,
    month = jul,
   volume = 323,
    pages = {L49-L52},
   adsurl = {http://adsabs.harvard.edu/abs/1997A%26A...323L..49P},
  adsnote = {Provided by the SAO/NASA Astrophysics Data System}
}

@ARTICLE{Mazeh2015,
   author = {{Mazeh}, T. and {Perets}, H.~B. and {McQuillan}, A. and {Goldstein}, E.~S.
	},
    title = "{Photometric Amplitude Distribution of Stellar Rotation of KOIs - Indication for Spin-Orbit Alignment of Cool Stars and High Obliquity for Hot Stars}",
  journal = {\apj},
archivePrefix = "arXiv",
   eprint = {1501.01288},
 primaryClass = "astro-ph.EP",
 keywords = {methods: observational, planets and satellites: dynamical evolution and stability, planet-star interactions, stars: rotation },
     year = 2015,
    month = mar,
   volume = 801,
      eid = {3},
    pages = {3},
      doi = {10.1088/0004-637X/801/1/3},
   adsurl = {http://adsabs.harvard.edu/abs/2015ApJ...801....3M},
  adsnote = {Provided by the SAO/NASA Astrophysics Data System}
}

@ARTICLE{Petigura2017,
   author = {{Petigura}, E.~A. and {Howard}, A.~W. and {Marcy}, G.~W. and 
	{Johnson}, J.~A. and {Isaacson}, H. and {Cargile}, P.~A. and 
	{Hebb}, L. and {Fulton}, B.~J. and {Weiss}, L.~M. and {Morton}, T.~D. and 
	{Winn}, J.~N. and {Rogers}, L.~A. and {Sinukoff}, E. and {Hirsch}, L.~A. and 
	{Crossfield}, I.~J.~M.},
    title = "{The California-Kepler Survey. I. High Resolution Spectroscopy of 1305 Stars Hosting Kepler Transiting Planets}",
  journal = {ArXiv e-prints},
archivePrefix = "arXiv",
   eprint = {1703.10400},
 primaryClass = "astro-ph.EP",
 keywords = {Astrophysics - Earth and Planetary Astrophysics},
     year = 2017,
    month = mar,
   adsurl = {http://adsabs.harvard.edu/abs/2017arXiv170310400P},
  adsnote = {Provided by the SAO/NASA Astrophysics Data System}
}

@ARTICLE{Johnson2017,
   author = {{Johnson}, J.~A. and {Petigura}, E.~A. and {Fulton}, B.~J. and 
	{Marcy}, G.~W. and {Howard}, A.~W. and {Isaacson}, H. and {Hebb}, L. and 
	{Cargile}, P.~A. and {Morton}, T.~D. and {Weiss}, L.~M. and 
	{Winn}, J.~N. and {Rogers}, L.~A. and {Sinukoff}, E. and {Hirsch}, L.~A.
	},
    title = "{The California-Kepler Survey. II. Precise Physical Properties of 2025 Kepler Planets and Their Host Stars}",
  journal = {ArXiv e-prints},
archivePrefix = "arXiv",
   eprint = {1703.10402},
 primaryClass = "astro-ph.EP",
 keywords = {Astrophysics - Earth and Planetary Astrophysics},
     year = 2017,
    month = mar,
   adsurl = {http://adsabs.harvard.edu/abs/2017arXiv170310402J},
  adsnote = {Provided by the SAO/NASA Astrophysics Data System}
}

@ARTICLE{Brown2011,
   author = {{Brown}, T.~M. and {Latham}, D.~W. and {Everett}, M.~E. and 
	{Esquerdo}, G.~A.},
    title = "{Kepler Input Catalog: Photometric Calibration and Stellar Classification}",
  journal = {\aj},
archivePrefix = "arXiv",
   eprint = {1102.0342},
 primaryClass = "astro-ph.SR",
 keywords = {catalogs, methods: data analysis, surveys, techniques: photometric},
     year = 2011,
    month = oct,
   volume = 142,
      eid = {112},
    pages = {112},
      doi = {10.1088/0004-6256/142/4/112},
   adsurl = {http://adsabs.harvard.edu/abs/2011AJ....142..112B},
  adsnote = {Provided by the SAO/NASA Astrophysics Data System}
}

@ARTICLE{Wright2011,
   author = {{Wright}, N.~J. and {Drake}, J.~J. and {Mamajek}, E.~E. and 
	{Henry}, G.~W.},
    title = "{The Stellar-activity-Rotation Relationship and the Evolution of Stellar Dynamos}",
  journal = {\apj},
archivePrefix = "arXiv",
   eprint = {1109.4634},
 primaryClass = "astro-ph.SR",
 keywords = {stars: activity, stars: coronae, stars: evolution, stars: late-type, stars: magnetic field, stars: rotation, X-rays: stars},
     year = 2011,
    month = dec,
   volume = 743,
      eid = {48},
    pages = {48},
      doi = {10.1088/0004-637X/743/1/48},
   adsurl = {http://adsabs.harvard.edu/abs/2011ApJ...743...48W},
  adsnote = {Provided by the SAO/NASA Astrophysics Data System}
}

@ARTICLE{Ogilvie2014,
   author = {{Ogilvie}, G.~I.},
    title = "{Tidal Dissipation in Stars and Giant Planets}",
  journal = {\araa},
archivePrefix = "arXiv",
   eprint = {1406.2207},
 primaryClass = "astro-ph.SR",
     year = 2014,
    month = aug,
   volume = 52,
    pages = {171-210},
      doi = {10.1146/annurev-astro-081913-035941},
   adsurl = {http://adsabs.harvard.edu/abs/2014ARA%26A..52..171O},
  adsnote = {Provided by the SAO/NASA Astrophysics Data System}
}

@ARTICLE{Christensen-Dalsgaard2002,
   author = {{Christensen-Dalsgaard}, J.},
    title = "{Helioseismology}",
  journal = {Reviews of Modern Physics},
   eprint = {astro-ph/0207403},
 keywords = {Helioseismology pulsations and shock waves, Solar interior, Electric and magnetic fields solar magnetism, Particle emission solar wind, Solar neutrinos},
     year = 2002,
    month = nov,
   volume = 74,
    pages = {1073-1129},
      doi = {10.1103/RevModPhys.74.1073},
   adsurl = {http://adsabs.harvard.edu/abs/2002RvMP...74.1073C},
  adsnote = {Provided by the SAO/NASA Astrophysics Data System}
}

@ARTICLE{vanSaders2012,
   author = {{van Saders}, J.~L. and {Pinsonneault}, M.~H.},
    title = "{The Sensitivity of Convection Zone Depth to Stellar Abundances: An Absolute Stellar Abundance Scale from Asteroseismology}",
  journal = {\apj},
archivePrefix = "arXiv",
   eprint = {1108.2273},
 primaryClass = "astro-ph.SR",
 keywords = {stars: abundances, stars: interiors, stars: oscillations},
     year = 2012,
    month = feb,
   volume = 746,
      eid = {16},
    pages = {16},
      doi = {10.1088/0004-637X/746/1/16},
   adsurl = {http://cdsads.u-strasbg.fr/abs/2012ApJ...746...16V},
  adsnote = {Provided by the SAO/NASA Astrophysics Data System}
}

@ARTICLE{Wisdom2004,
   author = {{Wisdom}, J.},
    title = "{Spin-Orbit Secondary Resonance Dynamics of Enceladus}",
  journal = {\aj},
 keywords = {Celestial Mechanics, gravitation, Methods: Analytical, Methods: Numerical, planets and satellites: individual (Enceladus), planets and satellites: individual (Mimas), Planets and Satellites: Individual: Saturn, Planets and Satellites: Formation},
     year = 2004,
    month = jul,
   volume = 128,
    pages = {484-491},
      doi = {10.1086/421360},
   adsurl = {http://adsabs.harvard.edu/abs/2004AJ....128..484W},
  adsnote = {Provided by the SAO/NASA Astrophysics Data System}
}

@ARTICLE{Hathaway2002,
   author = {{Hathaway}, D.~H. and {Wilson}, R.~M. and {Reichmann}, E.~J.
	},
    title = "{Group Sunspot Numbers: Sunspot Cycle Characteristics}",
  journal = {\solphys},
     year = 2002,
    month = dec,
   volume = 211,
    pages = {357-370},
      doi = {10.1023/A:1022425402664},
   adsurl = {http://adsabs.harvard.edu/abs/2002SoPh..211..357H},
  adsnote = {Provided by the SAO/NASA Astrophysics Data System}
}

@ARTICLE{Poppenhaeger2014,
   author = {{Poppenhaeger}, K. and {Wolk}, S.~J.},
    title = "{Indications for an influence of hot Jupiters on the rotation and activity of their host stars}",
  journal = {\aap},
archivePrefix = "arXiv",
   eprint = {1404.1073},
 primaryClass = "astro-ph.SR",
 keywords = {stars: activity, stars: coronae, planet-star interactions, X-rays: stars, binaries: general},
     year = 2014,
    month = may,
   volume = 565,
      eid = {L1},
    pages = {L1},
      doi = {10.1051/0004-6361/201423454},
   adsurl = {http://adsabs.harvard.edu/abs/2014A%26A...565L...1P},
  adsnote = {Provided by the SAO/NASA Astrophysics Data System}
}

@article{wright2015, title={Magnetism and activity of planet hosting stars}, volume={11}, DOI={10.1017/S1743921316002143}, number={S320}, journal={Proceedings of the International Astronomical Union}, publisher={Cambridge University Press}, author={Wright, Jason T. and Miller, Brendan P.}, year={2015}, pages={357?366}}

@ARTICLE{saar2001,
   author = {{Saar}, S.~H. and {Cuntz}, M.},
    title = "{A search for Ca II emission enhancement in stars resulting from nearby giant planets}",
  journal = {\mnras},
 keywords = {STARS: ACTIVITY, STARS: CHROMOSPHERES, STARS: LATE-TYPE, PLANETARY SYSTEMS, STARS: ROTATION},
     year = 2001,
    month = jul,
   volume = 325,
    pages = {55-59},
      doi = {10.1046/j.1365-8711.2001.04296.x},
   adsurl = {http://adsabs.harvard.edu/abs/2001MNRAS.325...55S},
  adsnote = {Provided by the SAO/NASA Astrophysics Data System}
}



@ARTICLE{miller2015,
   author = {{Miller}, B.~P. and {Gallo}, E. and {Wright}, J.~T. and {Pearson}, E.~G.
	},
    title = "{A Comprehensive Statistical Assessment of Star-Planet Interaction}",
  journal = {\apj},
archivePrefix = "arXiv",
   eprint = {1411.3348},
 primaryClass = "astro-ph.HE",
 keywords = {planetary systems, stars: activity, stars: magnetic field},
     year = 2015,
    month = feb,
   volume = 799,
      eid = {163},
    pages = {163},
      doi = {10.1088/0004-637X/799/2/163},
   adsurl = {http://adsabs.harvard.edu/abs/2015ApJ...799..163M},
  adsnote = {Provided by the SAO/NASA Astrophysics Data System}
}


@ARTICLE{Bohm-Vitense2007,
       author = {{B{\"o}hm-Vitense}, Erika},
        title = "{Chromospheric Activity in G and K Main-Sequence Stars, and What It Tells
        Us about Stellar Dynamos}",
      journal = {\apj},
     keywords = {Stars: Activity, Stars: Chromospheres, Stars: Late-Type, Stars: Rotation},
         year = 2007,
        month = Mar,
       volume = {657},
        pages = {486-493},
          doi = {10.1086/510482},
       adsurl = {https://ui.adsabs.harvard.edu/#abs/2007ApJ...657..486B},
      adsnote = {Provided by the SAO/NASA Astrophysics Data System}
}

